% Encoding: UTF-8

@Book{Sza1996,
  title     = {{Modern Quantum Chemistry: Introduction to Advanced Electronic Structure Theory}},
  publisher = {Courier Corporation},
  year      = {1996},
  author    = {Szabo, Attila and Ostlund, Neil S.},
  month     = {Jul},
  isbn      = {978-0-48669186-2},
  groups    = {CHAPTER_1},
  url       = {https://books.google.de/books/about/Modern_Quantum_Chemistry.html?id=6mV9gYzEkgIC&redir_esc=y},
}

@Book{Jen2017,
  title     = {{Introduction to Computational Chemistry, 3rd Edition}},
  publisher = {Wiley},
  year      = {2017},
  author    = {Jensen, Frank},
  address   = {Hoboken, NJ, USA},
  month     = {Feb},
  isbn      = {978-1-118-82599-0},
  groups    = {CHAPTER_1},
  url       = {https://www.wiley.com/en-au/Introduction+to+Computational+Chemistry%2C+3rd+Edition-p-9781118825990},
}

@Book{Hel2000,
  title     = {{Molecular Electronic{-}Structure Theory}},
  publisher = {Wiley},
  year      = {2000},
  author    = {Helgaker, Trygve and J{\o}rgensen, Poul and Olsen, Jeppe},
  month     = {Aug},
  isbn      = {978-0-47196755-2},
  doi       = {10.1002/9781119019572},
  groups    = {CHAPTER_1},
  journal   = {Wiley Online Library},
}

@Book{Sch2018,
  title     = {{Many-Body Methods for Atoms, Molecules and Clusters}},
  publisher = {Springer International Publishing},
  year      = {2018},
  author    = {Schirmer, Jochen},
  address   = {Cham, Switzerland},
  isbn      = {978-3-319-93601-7},
  doi       = {10.1007/978-3-319-93602-4},
  groups    = {CHAPTER_1},
}

@Book{Nor2018,
  title     = {{Principles and Practices of Molecular Properties: Theory, Modeling, and Simulations}},
  publisher = {Wiley},
  year      = {2018},
  author    = {Norman, Patrick and Ruud, Kenneth and Saue, Trond},
  address   = {Hoboken, NJ, USA},
  month     = {Mar},
  isbn      = {978-0-470-72562-7},
  groups    = {CHAPTER_1},
  url       = {https://www.wiley.com/en-ar/Principles+and+Practices+of+Molecular+Properties%3A+Theory%2C+Modeling%2C+and+Simulations-p-9780470725627},
}

@Book{You2004,
  title     = {{Computational Chemistry}},
  publisher = {Wiley},
  year      = {2004},
  author    = {Young, D.},
  address   = {Chichester, England, UK},
  isbn      = {978-0-47145843-2},
  groups    = {CHAPTER_1},
}

@Article{Gri2003,
  author    = {Grimme, Stefan},
  title     = {{Improved second-order M{\o}ller{\textendash}Plesset perturbation theory by separate scaling of parallel- and antiparallel-spin pair correlation energies}},
  journal   = {J. Chem. Phys.},
  year      = {2003},
  volume    = {118},
  number    = {20},
  pages     = {9095--9102},
  month     = {May},
  issn      = {0021-9606},
  doi       = {10.1063/1.1569242},
  groups    = {CHAPTER_1},
  publisher = {American Institute of Physics},
}

@Article{Gri2012,
  author    = {Grimme, Stefan and Goerigk, Lars and Fink, Reinhold F.},
  title     = {{Spin-component-scaled electron correlation methods}},
  journal   = {WIREs Comput. Mol. Sci.},
  year      = {2012},
  volume    = {2},
  number    = {6},
  pages     = {886--906},
  month     = {Nov},
  issn      = {1759-0876},
  doi       = {10.1002/wcms.1110},
  groups    = {CHAPTER_1},
  publisher = {John Wiley {\&} Sons, Ltd},
}

@Article{Jun2004,
  author    = {Jung, Yousung and Lochan, Rohini C. and Dutoi, Anthony D. and Head-Gordon, Martin},
  title     = {{Scaled opposite-spin second order M{\o}ller-Plesset correlation energy: an economical electronic structure method}},
  journal   = {J. Chem. Phys.},
  year      = {2004},
  volume    = {121},
  number    = {20},
  pages     = {9793--9802},
  month     = {Nov},
  issn      = {0021-9606},
  doi       = {10.1063/1.1809602},
  eprint    = {15549852},
  groups    = {CHAPTER_1},
  publisher = {American Institute of Physics.},
}

@Article{Loc2005,
  author    = {Lochan, Rohini C. and Jung, Yousung and Head-Gordon, Martin},
  title     = {{Scaled opposite spin second order M{\o}ller-Plesset theory with improved physical description of long-range dispersion interactions}},
  journal   = {J. Phys. Chem. A},
  year      = {2005},
  volume    = {109},
  number    = {33},
  pages     = {7598--7605},
  month     = {Aug},
  issn      = {1089-5639},
  doi       = {10.1021/jp0514426},
  eprint    = {16834130},
  publisher = {See full text options at American Chemical Society},
}

@Article{Sza2006,
  author    = {Szabados, {\ifmmode\acute{A}\else\'{A}\fi}gnes},
  title     = {{Theoretical interpretation of Grimme{'}s spin-component-scaled second order M{\o}ller-Plesset theory}},
  journal   = {J. Chem. Phys.},
  year      = {2006},
  volume    = {125},
  number    = {21},
  pages     = {214105},
  month     = {Dec},
  issn      = {0021-9606},
  doi       = {10.1063/1.2404660},
  groups    = {CHAPTER_1},
  publisher = {American Institute of Physics},
}

@Article{Dis2007,
  author    = {Distasio J. R.., Robert A. and Head-Gordon, Martin},
  title     = {{Optimized spin-component scaled second-order M{\o}ller-Plesset perturbation theory for intermolecular interaction energies}},
  journal   = {Mol. Phys.},
  year      = {2007},
  volume    = {105},
  number    = {8},
  pages     = {1073--1083},
  month     = {Apr},
  issn      = {0026-8976},
  doi       = {10.1080/00268970701283781},
  groups    = {CHAPTER_1},
  publisher = {Taylor {\&} Francis},
}

@Article{Fin2010,
  author    = {Fink, Reinhold F.},
  title     = {{Spin-component-scaled M{\o}ller{\textendash}Plesset (SCS-MP) perturbation theory: A generalization of the MP approach with improved properties}},
  journal   = {J. Chem. Phys.},
  year      = {2010},
  volume    = {133},
  number    = {17},
  pages     = {174113},
  month     = {Nov},
  issn      = {0021-9606},
  doi       = {10.1063/1.3503041},
  groups    = {CHAPTER_1},
  publisher = {American Institute of Physics},
}

@Article{Hil2007,
  author    = {Hill, J. Grant and Platts, James A.},
  title     = {{Spin-Component Scaling Methods for Weak and Stacking Interactions}},
  journal   = {J. Chem. Theory Comput.},
  year      = {2007},
  volume    = {3},
  number    = {1},
  pages     = {80--85},
  month     = {Jan},
  issn      = {1549-9618},
  doi       = {10.1021/ct6002737},
  groups    = {CHAPTER_1},
  publisher = {American Chemical Society},
}

@Article{Gou2004,
  author    = {Goumans, T. P. M. and Ehlers, Andreas W. and Lammertsma, Koop and W{\ifmmode\ddot{u}\else\"{u}\fi}rthwein, Ernst-Ulrich and Grimme, Stefan},
  title     = {{Improved Reaction and Activation Energies of [4+2] Cycloadditions, [3,3] Sigmatropic Rearrangements and Electrocyclizations with the Spin-Component-Scaled MP2 Method}},
  journal   = {Chemistry {\textendash} A European Journal},
  year      = {2004},
  volume    = {10},
  number    = {24},
  pages     = {6468--6475},
  month     = {Dec},
  issn      = {0947-6539},
  doi       = {10.1002/chem.200400250},
  groups    = {CHAPTER_1},
  publisher = {John Wiley {\&} Sons, Ltd},
}

@Article{Bul2004,
  author    = {Bulo, Rosa E. and Jansen, Helen and Ehlers, Andreas W. and de Kanter, Fransiscus J. J. and Schakel, Marius and Lutz, Martin and Spek, Anthony L. and Lammertsma, Koop},
  title     = {{The Circumambulation of a Phosphirane: Taking 9-Phenyl-9-phosphabicyclo[6.1.0]nona-2,4,6-triene for a {\textquotedblleft}Walk{\textquotedblright}}},
  journal   = {Angew. Chem.},
  year      = {2004},
  volume    = {116},
  number    = {6},
  pages     = {732--735},
  month     = {Jan},
  issn      = {0044-8249},
  doi       = {10.1002/ange.200351855},
  groups    = {CHAPTER_1},
  publisher = {John Wiley {\&} Sons, Ltd},
}

@Article{Ger2004,
  author    = {Gerenkamp, Mareike and Grimme, Stefan},
  title     = {{Spin-component scaled second-order M{\o}ller{\textendash}Plesset perturbation theory for the calculation of molecular geometries and harmonic vibrational frequencies}},
  journal   = {Chem. Phys. Lett.},
  year      = {2004},
  volume    = {392},
  number    = {1},
  pages     = {229--235},
  month     = {Jul},
  issn      = {0009-2614},
  doi       = {10.1016/j.cplett.2004.05.063},
  groups    = {CHAPTER_1},
  publisher = {North-Holland},
}

@Article{Hel2008,
  author    = {Hellweg, Arnim and Gr{\ifmmode\ddot{u}\else\"{u}\fi}n, Sarah A. and H{\ifmmode\ddot{a}\else\"{a}\fi}ttig, Christof},
  title     = {{Benchmarking the performance of spin-component scaled CC2 in ground and electronically excited states}},
  journal   = {Phys. Chem. Chem. Phys.},
  year      = {2008},
  volume    = {10},
  number    = {28},
  pages     = {4119--4127},
  month     = {Jul},
  issn      = {1463-9076},
  doi       = {10.1039/B803727B},
  groups    = {CHAPTER_1},
  publisher = {The Royal Society of Chemistry},
}

@Article{Chr1995,
  author    = {Christiansen, Ove and Koch, Henrik and J{\o}rgensen, Poul},
  title     = {{The second-order approximate coupled cluster singles and doubles model CC2}},
  journal   = {Chem. Phys. Lett.},
  year      = {1995},
  volume    = {243},
  number    = {5},
  pages     = {409--418},
  month     = {Sep},
  issn      = {0009-2614},
  doi       = {10.1016/0009-2614(95)00841-Q},
  groups    = {CHAPTER_1},
  publisher = {North-Holland},
}

@Article{Win2011,
  author    = {Winter, Nina O. C. and H{\ifmmode\ddot{a}\else\"{a}\fi}ttig, Christof},
  title     = {{Scaled opposite-spin CC2 for ground and excited states with fourth order scaling computational costs}},
  journal   = {J. Chem. Phys.},
  year      = {2011},
  volume    = {134},
  number    = {18},
  pages     = {184101},
  month     = {May},
  issn      = {0021-9606},
  doi       = {10.1063/1.3584177},
  groups    = {CHAPTER_1},
  publisher = {American Institute of Physics},
}

@Article{Taj2019,
  author    = {Tajti, Attila and Szalay, P{\ifmmode\acute{e}\else\'{e}\fi}ter G.},
  title     = {{Accuracy of Spin-Component-Scaled CC2 Excitation Energies and Potential Energy Surfaces}},
  journal   = {J. Chem. Theory Comput.},
  year      = {2019},
  volume    = {15},
  number    = {10},
  pages     = {5523--5531},
  month     = {Oct},
  issn      = {1549-9618},
  doi       = {10.1021/acs.jctc.9b00676},
  groups    = {CHAPTER_1},
  publisher = {American Chemical Society},
}

@Article{Koc1997,
  author    = {Koch, Henrik and Christiansen, Ove and Jo/rgensen, Poul and Sanchez de Mer{\ifmmode\acute{a}\else\'{a}\fi}s, Alfredo M. and Helgaker, Trygve},
  title     = {{The CC3 model: An iterative coupled cluster approach including connected triples}},
  journal   = {J. Chem. Phys.},
  year      = {1997},
  volume    = {106},
  number    = {5},
  pages     = {1808--1818},
  month     = {Feb},
  issn      = {0021-9606},
  doi       = {10.1063/1.473322},
  groups    = {CHAPTER_1},
  publisher = {American Institute of Physics},
}

@Article{Rag1989,
  author    = {Raghavachari, Krishnan and Trucks, Gary W. and Pople, John A. and Head-Gordon, Martin},
  title     = {{A fifth-order perturbation comparison of electron correlation theories}},
  journal   = {Chem. Phys. Lett.},
  year      = {1989},
  volume    = {157},
  number    = {6},
  pages     = {479--483},
  month     = {May},
  issn      = {0009-2614},
  doi       = {10.1016/S0009-2614(89)87395-6},
  groups    = {CHAPTER_1},
  publisher = {North-Holland},
}

@Article{Gon2012,
  author    = {Gonz{\ifmmode\acute{a}\else\'{a}\fi}lez, Leticia and Escudero, Daniel and Serrano-Andr{\ifmmode\acute{e}\else\'{e}\fi}s, Luis},
  title     = {{Progress and Challenges in the Calculation of Electronic Excited States}},
  journal   = {ChemPhysChem},
  year      = {2012},
  volume    = {13},
  number    = {1},
  pages     = {28--51},
  month     = {Jan},
  issn      = {1439-4235},
  doi       = {10.1002/cphc.201100200},
  groups    = {CHAPTER_2},
  publisher = {John Wiley {\&} Sons, Ltd},
}

@Article{Nor2018a,
  author    = {Norman, Patrick and Dreuw, Andreas},
  title     = {{Simulating X-ray Spectroscopies and Calculating Core-Excited States of Molecules}},
  journal   = {Chem. Rev.},
  year      = {2018},
  volume    = {118},
  number    = {15},
  pages     = {7208--7248},
  month     = {Aug},
  issn      = {0009-2665},
  doi       = {10.1021/acs.chemrev.8b00156},
  groups    = {CHAPTER_2},
  publisher = {American Chemical Society},
}

@Article{Zhu2016,
  author    = {Zhu, Xiaolei and Yarkony, David R.},
  title     = {{Non-adiabaticity: the importance of conical intersections}},
  journal   = {Mol. Phys.},
  year      = {2016},
  volume    = {114},
  number    = {13},
  pages     = {1983--2013},
  month     = {Jul},
  issn      = {0026-8976},
  doi       = {10.1080/00268976.2016.1170218},
  groups    = {CHAPTER_2},
  publisher = {Taylor {\&} Francis},
}

@Article{Mat2011,
  author    = {Matsika, Spiridoula and Krause, Pascal},
  title     = {{Nonadiabatic Events and Conical Intersections}},
  journal   = {Annu. Rev. Phys. Chem.},
  year      = {2011},
  volume    = {62},
  number    = {1},
  pages     = {621--643},
  month     = {Mar},
  issn      = {0066-426X},
  doi       = {10.1146/annurev-physchem-032210-103450},
  groups    = {CHAPTER_2},
  publisher = {Annual Reviews},
}

@Article{Kim2015,
  author    = {Kim, Jaehee and Tao, Hongli and Martinez, Todd J. and Bucksbaum, Phil},
  title     = {{Ab initio multiple spawning on laser-dressed states: a study of 1,3-cyclohexadiene photoisomerization via light-induced conical intersections}},
  journal   = {J. Phys. B: At. Mol. Opt. Phys.},
  year      = {2015},
  volume    = {48},
  number    = {16},
  pages     = {164003},
  month     = {Jul},
  issn      = {0953-4075},
  doi       = {10.1088/0953-4075/48/16/164003},
  groups    = {CHAPTER_2},
  publisher = {IOP Publishing},
}

@Article{Mig2008,
  author    = {Migani, Annapaola and Blancafort, Llu{\ifmmode\acute{\imath}\else\'{\i}\fi}s and Robb, Michael A. and DeBellis, Anthony D.},
  title     = {{An Extended Conical Intersection Seam Associated with a Manifold of Decay Paths: Excited-State Intramolecular Proton Transfer in O-Hydroxybenzaldehyde}},
  journal   = {J. Am. Chem. Soc.},
  year      = {2008},
  volume    = {130},
  number    = {22},
  pages     = {6932--6933},
  month     = {Jun},
  issn      = {0002-7863},
  doi       = {10.1021/ja8013924},
  groups    = {CHAPTER_2},
  publisher = {American Chemical Society},
}

@Article{Amb2019,
  author    = {Ambroise, Maximilien A. and Jensen, Frank},
  title     = {{Probing Basis Set Requirements for Calculating Core Ionization and Core Excitation Spectroscopy by the {$\Delta$} Self-Consistent-Field Approach}},
  journal   = {J. Chem. Theory Comput.},
  year      = {2019},
  volume    = {15},
  number    = {1},
  pages     = {325--337},
  month     = {Jan},
  issn      = {1549-9618},
  doi       = {10.1021/acs.jctc.8b01071},
  groups    = {CHAPTER_2},
  publisher = {American Chemical Society},
}

@Article{Bes2009,
  author    = {Besley, Nicholas A. and Gilbert, Andrew T. B. and Gill, Peter M. W.},
  title     = {{Self-consistent-field calculations of core excited states}},
  journal   = {J. Chem. Phys.},
  year      = {2009},
  volume    = {130},
  number    = {12},
  pages     = {124308},
  month     = {Mar},
  issn      = {0021-9606},
  doi       = {10.1063/1.3092928},
  groups    = {CHAPTER_2},
  publisher = {American Institute of Physics},
}

@Article{Tak2003,
  author    = {Takahata, Yuji and Chong, Delano P.},
  title     = {{DFT calculation of core-electron binding energies}},
  journal   = {J. Electron Spectrosc. Relat. Phenom.},
  year      = {2003},
  volume    = {133},
  number    = {1},
  pages     = {69--76},
  month     = {Nov},
  issn      = {0368-2048},
  doi       = {10.1016/j.elspec.2003.08.001},
  groups    = {CHAPTER_2},
  publisher = {Elsevier},
}

@Article{Tri1999,
  author  = {Triguero, L. and Plashkevych, O. and Pettersson, L. G. M. and {\AA}gren, H.},
  title   = {{Separate state vs. transition state Kohn-Sham calculations of X-ray photoelectron binding energies and chemical shifts}},
  journal = {J. Electron Spectrosc. Relat. Phenom.},
  year    = {1999},
  volume  = {1-3},
  number  = {104},
  pages   = {195--207},
  issn    = {0368-2048},
  groups  = {CHAPTER_2},
  url     = {https://www.infona.pl/resource/bwmeta1.element.elsevier-864599f6-5936-3c19-8a4c-08d8d9d9bdd2},
}

@Article{Sch2015,
  author    = {Schio, Luca and Li, Cui and Monti, Susanna and Sal{\ifmmode\acute{e}\else\'{e}\fi}n, Peter and Yatsyna, Vasyl and Feifel, Raimund and Alagia, Michele and Richter, Robert and Falcinelli, Stefano and Stranges, Stefano and Zhaunerchyk, Vitali and Carravetta, Vincenzo},
  title     = {{NEXAFS and XPS studies of nitrosyl chloride}},
  journal   = {Phys. Chem. Chem. Phys.},
  year      = {2015},
  volume    = {17},
  number    = {14},
  pages     = {9040--9048},
  month     = {Mar},
  issn      = {1463-9076},
  doi       = {10.1039/C4CP05896H},
  groups    = {CHAPTER_2},
  publisher = {The Royal Society of Chemistry},
}

@Article{Hol2011,
  author    = {Holme, Alf and B{\o}rve, Knut J. and S{\ae}thre, Leif J. and Thomas, T. Darrah},
  title     = {{Accuracy of Calculated Chemical Shifts in Carbon 1s Ionization Energies from Single-Reference ab Initio Methods and Density Functional Theory}},
  journal   = {J. Chem. Theory Comput.},
  year      = {2011},
  volume    = {7},
  number    = {12},
  pages     = {4104--4114},
  month     = {Dec},
  issn      = {1549-9618},
  doi       = {10.1021/ct200662e},
  eprint    = {26598356},
  groups    = {CHAPTER_2},
  publisher = {J Chem Theory Comput},
}

@Article{Deu1976,
  author    = {Deutsch, P. W. and Curtiss, L. A.},
  title     = {{Ab initio calculation of the K-shell excitation and ionization energies of CH4, NH3, H2O, and HF}},
  journal   = {Chem. Phys. Lett.},
  year      = {1976},
  volume    = {39},
  number    = {3},
  pages     = {588--592},
  month     = {May},
  issn      = {0009-2614},
  doi       = {10.1016/0009-2614(76)80337-5},
  groups    = {CHAPTER_2},
  publisher = {North-Holland},
}

@Article{Bag1965,
  author    = {Bagus, P. S.},
  title     = {{Self-Consistent-Field Wave Functions for Hole States of Some Ne-Like and Ar-Like Ions}},
  journal   = {Phys. Rev.},
  year      = {1965},
  volume    = {139},
  number    = {3A},
  pages     = {A619--A634},
  month     = {Aug},
  issn      = {1536-6065},
  doi       = {10.1103/PhysRev.139.A619},
  groups    = {CHAPTER_2},
  publisher = {American Physical Society},
}

@Article{Zhe2019,
  author    = {Zheng, Xuechen and Cheng, Lan},
  title     = {{Performance of Delta-Coupled-Cluster Methods for Calculations of Core-Ionization Energies of First-Row Elements}},
  journal   = {J. Chem. Theory Comput.},
  year      = {2019},
  volume    = {15},
  number    = {9},
  pages     = {4945--4955},
  month     = {Sep},
  issn      = {1549-9618},
  doi       = {10.1021/acs.jctc.9b00568},
  groups    = {CHAPTER_2},
  publisher = {American Chemical Society},
}

@Article{Gil2008,
  author    = {Gilbert, Andrew T. B. and Besley, Nicholas A. and Gill, Peter M. W.},
  title     = {{Self-consistent field calculations of excited states using the maximum overlap method (MOM)}},
  journal   = {J. Phys. Chem. A},
  year      = {2008},
  volume    = {112},
  number    = {50},
  pages     = {13164--13171},
  month     = {Dec},
  issn      = {1520-5215},
  doi       = {10.1021/jp801738f},
  eprint    = {18729344},
  groups    = {CHAPTER_2},
  publisher = {See full text options at American Chemical Society},
}

@Article{Zie1977,
  author    = {Ziegler, Tom and Rauk, Arvi and Baerends, Evert J.},
  title     = {{On the calculation of multiplet energies by the hartree-fock-slater method}},
  journal   = {Theor. Chim. Acta},
  year      = {1977},
  volume    = {43},
  number    = {3},
  pages     = {261--271},
  month     = {Sep},
  issn      = {1432-2234},
  doi       = {10.1007/BF00551551},
  groups    = {CHAPTER_2},
  publisher = {Springer-Verlag},
}

@Book{Gro2008,
  title     = {{Core Level Spectroscopy of Solids}},
  publisher = {Taylor {\&} Francis},
  year      = {2008},
  author    = {Frank de Groot, Akio Kotani},
  address   = {Andover, England, UK},
  month     = {Mar},
  isbn      = {978-0-42919579-2},
  doi       = {10.1201/9781420008425},
  groups    = {CHAPTER_2},
  journal   = {Taylor {\&} Francis},
}

@Article{Dav1965,
  author    = {Davidson, Ernest R.},
  title     = {{Single{-}Configuration Calculations on Excited States of Helium. II}},
  journal   = {J. Chem. Phys.},
  year      = {1965},
  volume    = {42},
  number    = {12},
  pages     = {4199--4200},
  month     = {Jun},
  issn      = {0021-9606},
  doi       = {10.1063/1.1695919},
  groups    = {CHAPTER_2},
  publisher = {American Institute of Physics},
}

@Article{Dav1964,
  author    = {Davidson, Ernest R.},
  title     = {{Single{-}Configuration Calculations on Excited States of Helium}},
  journal   = {J. Chem. Phys.},
  year      = {1964},
  volume    = {41},
  number    = {3},
  pages     = {656--658},
  month     = {Aug},
  issn      = {0021-9606},
  doi       = {10.1063/1.1725942},
  groups    = {CHAPTER_2},
  publisher = {American Institute of Physics},
}

@Article{Sch1982,
  author    = {Schirmer, Jochen},
  title     = {{Beyond the random-phase approximation: A new approximation scheme for the polarization propagator}},
  journal   = {Phys. Rev. A},
  year      = {1982},
  volume    = {26},
  number    = {5},
  pages     = {2395--2416},
  month     = {Nov},
  issn      = {2469-9934},
  doi       = {10.1103/PhysRevA.26.2395},
  groups    = {CHAPTER_2},
  publisher = {American Physical Society},
}

@Article{Nam1950,
  author    = {Nambu, Yoichiro},
  title     = {{Force Potentials in Quantum Field Theory}},
  journal   = {Prog. Theor. Phys.},
  year      = {1950},
  volume    = {5},
  number    = {4},
  pages     = {614--633},
  month     = {Jul},
  issn      = {0033-068X},
  doi       = {10.1143/ptp/5.4.614},
  groups    = {CHAPTER_2},
  publisher = {Oxford Academic},
}

@Article{Tro2006,
  author  = {Trofimov, A. B. and Krivdina, I. L. and Weller, J. and Schirmer, J.},
  title   = {{Algebraic-diagrammatic construction propagator approach to molecular response properties}},
  journal = {Chem. Phys.},
  year    = {2006},
  volume  = {1-3},
  number  = {329},
  pages   = {1--10},
  issn    = {0301-0104},
  doi     = {10.1016/j.chemphys.2006.07.015},
  groups  = {CHAPTER_2},
}

@Article{Har2014,
  author    = {Harbach, Philipp H. P. and Wormit, Michael and Dreuw, Andreas},
  title     = {{The third-order algebraic diagrammatic construction method (ADC(3)) for the polarization propagator for closed-shell molecules: Efficient implementation and benchmarking}},
  journal   = {J. Chem. Phys.},
  year      = {2014},
  volume    = {141},
  number    = {6},
  pages     = {064113},
  month     = {Aug},
  issn      = {0021-9606},
  doi       = {10.1063/1.4892418},
  groups    = {CHAPTER_2},
  publisher = {American Institute of Physics},
}

@Article{Kra2013,
  author    = {Krauter, Caroline M. and Pernpointner, Markus and Dreuw, Andreas},
  title     = {{Application of the scaled-opposite-spin approximation to algebraic diagrammatic construction schemes of second order}},
  journal   = {J. Chem. Phys.},
  year      = {2013},
  volume    = {138},
  number    = {4},
  pages     = {044107},
  month     = {Jan},
  issn      = {0021-9606},
  doi       = {10.1063/1.4776675},
  groups    = {CHAPTER_2},
  publisher = {American Institute of Physics},
}

@Article{Sch2004,
  author    = {Schirmer, J. and Trofimov, A. B.},
  title     = {{Intermediate state representation approach to physical properties of electronically excited molecules}},
  journal   = {J. Chem. Phys.},
  year      = {2004},
  volume    = {120},
  number    = {24},
  pages     = {11449--11464},
  month     = {Jun},
  issn      = {0021-9606},
  doi       = {10.1063/1.1752875},
  groups    = {CHAPTER_2},
  publisher = {American Institute of Physics},
}

@Article{Sch1991,
  author    = {Schirmer, Jochen},
  title     = {{Closed-form intermediate representations of many-body propagators and resolvent matrices}},
  journal   = {Phys. Rev. A},
  year      = {1991},
  volume    = {43},
  number    = {9},
  pages     = {4647--4659},
  month     = {May},
  issn      = {2469-9934},
  doi       = {10.1103/PhysRevA.43.4647},
  groups    = {CHAPTER_2},
  publisher = {American Physical Society},
}

@Article{Kni2012,
  author    = {Knippenberg, S. and Rehn, D. R. and Wormit, M. and Starcke, J. H. and Rusakova, I. L. and Trofimov, A. B. and Dreuw, A.},
  title     = {{Calculations of nonlinear response properties using the intermediate state representation and the algebraic-diagrammatic construction polarization propagator approach: two-photon absorption spectra}},
  journal   = {J. Chem. Phys.},
  year      = {2012},
  volume    = {136},
  number    = {6},
  pages     = {064107.},
  month     = {Feb},
  issn      = {1089-7690},
  doi       = {10.1063/1.3682324},
  eprint    = {22360169},
  groups    = {CHAPTER_2},
  publisher = {2012 American Institute of Physics},
}

@Article{Mer1996,
  author    = {Mertins, F. and Schirmer, J.},
  title     = {{Algebraic propagator approaches and intermediate-state representations. I. The biorthogonal and unitary coupled-cluster methods}},
  journal   = {Phys. Rev. A},
  year      = {1996},
  volume    = {53},
  number    = {4},
  pages     = {2140--2152},
  month     = {Apr},
  issn      = {2469-9934},
  doi       = {10.1103/PhysRevA.53.2140},
  groups    = {CHAPTER_2},
  publisher = {American Physical Society},
}

@Article{Tro1995,
  author    = {Trofimov, A. B. and Schirmer, J.},
  title     = {{An efficient polarization propagator approach to valence electron excitation spectra}},
  journal   = {J. Phys. B: At. Mol. Opt. Phys.},
  year      = {1995},
  volume    = {28},
  number    = {12},
  pages     = {2299--2324},
  month     = {Jun},
  issn      = {0953-4075},
  doi       = {10.1088/0953-4075/28/12/003},
  groups    = {CHAPTER_2},
  publisher = {IOP Publishing},
}

@Article{Bay1962,
  author    = {Baym, Gordon},
  title     = {{Self-Consistent Approximations in Many-Body Systems}},
  journal   = {Phys. Rev.},
  year      = {1962},
  volume    = {127},
  number    = {4},
  pages     = {1391--1401},
  month     = {Aug},
  issn      = {1536-6065},
  doi       = {10.1103/PhysRev.127.1391},
  groups    = {CHAPTER_2},
  publisher = {American Physical Society},
}

@Article{Sal1951,
  author    = {Salpeter, E. E. and Bethe, H. A.},
  title     = {{A Relativistic Equation for Bound-State Problems}},
  journal   = {Phys. Rev.},
  year      = {1951},
  volume    = {84},
  number    = {6},
  pages     = {1232--1242},
  month     = {Dec},
  issn      = {1536-6065},
  doi       = {10.1103/PhysRev.84.1232},
  groups    = {CHAPTER_2},
  publisher = {American Physical Society},
}

@Article{Fey1966,
  author    = {Feynman, Richard P.},
  title     = {{The Development of the Space-Time View of Quantum Electrodynamics}},
  journal   = {Science},
  year      = {1966},
  volume    = {153},
  number    = {3737},
  pages     = {699--708},
  month     = {Aug},
  issn      = {0036-8075},
  doi       = {10.1126/science.153.3737.699},
  groups    = {CHAPTER_2},
  publisher = {American Association for the Advancement of Science},
}

@Article{Dre2005,
  author    = {Dreuw, Andreas and Head-Gordon, Martin},
  title     = {{Single-Reference ab Initio Methods for the Calculation of Excited States of Large Molecules}},
  journal   = {Chem. Rev.},
  year      = {2005},
  volume    = {105},
  number    = {11},
  pages     = {4009--4037},
  month     = {Nov},
  issn      = {0009-2665},
  doi       = {10.1021/cr0505627},
  groups    = {CHAPTER_2},
  publisher = {American Chemical Society},
}

@Article{Koc1990,
  author    = {Koch, Henrik and Jo/rgensen, Poul},
  title     = {{Coupled cluster response functions}},
  journal   = {J. Chem. Phys.},
  year      = {1990},
  volume    = {93},
  number    = {5},
  pages     = {3333--3344},
  month     = {Sep},
  issn      = {0021-9606},
  doi       = {10.1063/1.458814},
  groups    = {CHAPTER_2},
  publisher = {American Institute of Physics},
}

@Article{Chr1998,
  author    = {Christiansen, Ove and J{\o}rgensen, Poul and H{\ifmmode\ddot{a}\else\"{a}\fi}ttig, Christof},
  title     = {{Response functions from Fourier component variational perturbation theory applied to a time-averaged quasienergy}},
  journal   = {Int. J. Quantum Chem.},
  year      = {1998},
  volume    = {68},
  number    = {1},
  pages     = {1--52},
  month     = {Jan},
  issn      = {0020-7608},
  doi       = {10.1002/(SICI)1097-461X(1998)68:1<1::AID-QUA1>3.0.CO;2-Z},
  groups    = {CHAPTER_2},
  publisher = {John Wiley {\&} Sons, Ltd},
}

@Article{Loo2020,
  author    = {Loos, Pierre-Fran{\ifmmode\mbox{\c{c}}\else\c{c}\fi}ois and Jacquemin, Denis},
  title     = {{Is ADC(3) as Accurate as CC3 for Valence and Rydberg Transition Energies?}},
  journal   = {J. Phys. Chem. Lett.},
  year      = {2020},
  volume    = {11},
  number    = {3},
  pages     = {974--980},
  month     = {Feb},
  doi       = {10.1021/acs.jpclett.9b03652},
  groups    = {CHAPTER_2},
  publisher = {American Chemical Society},
}

@Article{Lau2013,
  author    = {Laurent, Ad{\ifmmode\grave{e}\else\`{e}\fi}le D. and Jacquemin, Denis},
  title     = {{TD-DFT benchmarks: A review}},
  journal   = {Int. J. Quantum Chem.},
  year      = {2013},
  volume    = {113},
  number    = {17},
  pages     = {2019--2039},
  month     = {Sep},
  issn      = {0020-7608},
  doi       = {10.1002/qua.24438},
  groups    = {CHAPTER_2},
  publisher = {John Wiley {\&} Sons, Ltd},
}

@InCollection{Hf2005,
  author    = {H{\ifmmode\ddot{a}\else\"{a}\fi}ttig, Christof},
  title     = {{Structure Optimizations for Excited States with Correlated Second-Order Methods: CC2 and ADC(2)}},
  booktitle = {{Advances in Quantum Chemistry}},
  publisher = {Academic Press},
  year      = {2005},
  volume    = {50},
  pages     = {37--60},
  address   = {Cambridge, MA, USA},
  month     = {Jan},
  doi       = {10.1016/S0065-3276(05)50003-0},
  groups    = {CHAPTER_2},
  issn      = {0065-3276},
}

@Article{Hea1994,
  author    = {Head-Gordon, Martin and Rico, Rudolph J. and Oumi, Manabu and Lee, Timothy J.},
  title     = {{A doubles correction to electronic excited states from configuration interaction in the space of single substitutions}},
  journal   = {Chem. Phys. Lett.},
  year      = {1994},
  volume    = {219},
  number    = {1},
  pages     = {21--29},
  month     = {Mar},
  issn      = {0009-2614},
  doi       = {10.1016/0009-2614(94)00070-0},
  groups    = {CHAPTER_2},
  publisher = {North-Holland},
}

@Article{Gee1989,
  author    = {Geertsen, Jan and Rittby, Magnus and Bartlett, Rodney J.},
  title     = {{The equation-of-motion coupled-cluster method: Excitation energies of Be and CO}},
  journal   = {Chem. Phys. Lett.},
  year      = {1989},
  volume    = {164},
  number    = {1},
  pages     = {57--62},
  month     = {Dec},
  issn      = {0009-2614},
  doi       = {10.1016/0009-2614(89)85202-9},
  groups    = {CHAPTER_2},
  publisher = {North-Holland},
}

@Article{Emr1981,
  author    = {Emrich, K.},
  title     = {{An extension of the coupled cluster formalism to excited states (I)}},
  journal   = {Nucl. Phys. A},
  year      = {1981},
  volume    = {351},
  number    = {3},
  pages     = {379--396},
  month     = {Jan},
  issn      = {0375-9474},
  doi       = {10.1016/0375-9474(81)90179-2},
  groups    = {CHAPTER_2},
  publisher = {North-Holland},
}

@Article{Sta1993,
  author    = {Stanton, John F. and Bartlett, Rodney J.},
  title     = {{The equation of motion coupled{-}cluster method. A systematic biorthogonal approach to molecular excitation energies, transition probabilities, and excited state properties}},
  journal   = {J. Chem. Phys.},
  year      = {1993},
  volume    = {98},
  number    = {9},
  pages     = {7029--7039},
  month     = {May},
  issn      = {0021-9606},
  doi       = {10.1063/1.464746},
  groups    = {CHAPTER_2},
  publisher = {American Institute of Physics},
}

@Article{Sta1994,
  author    = {Stanton, John F. and Gauss, J{\ifmmode\ddot{u}\else\"{u}\fi}rgen},
  title     = {{Analytic energy derivatives for ionized states described by the equation{-}of{-}motion coupled cluster method}},
  journal   = {J. Chem. Phys.},
  year      = {1994},
  volume    = {101},
  number    = {10},
  pages     = {8938--8944},
  month     = {Nov},
  issn      = {0021-9606},
  doi       = {10.1063/1.468022},
  groups    = {CHAPTER_2},
  publisher = {American Institute of Physics},
}

@Article{Kry2008,
  author    = {Krylov, Anna I.},
  title     = {{Equation-of-Motion Coupled-Cluster Methods for Open-Shell and Electronically Excited Species: The Hitchhiker's Guide to Fock Space}},
  journal   = {Annu. Rev. Phys. Chem.},
  year      = {2008},
  volume    = {59},
  number    = {1},
  pages     = {433--462},
  month     = {Apr},
  issn      = {0066-426X},
  doi       = {10.1146/annurev.physchem.59.032607.093602},
  groups    = {CHAPTER_2},
  publisher = {Annual Reviews},
}

@Article{Bar2012,
  author    = {Bartlett, Rodney J.},
  title     = {{Coupled-cluster theory and its equation-of-motion extensions}},
  journal   = {WIREs Comput. Mol. Sci.},
  year      = {2012},
  volume    = {2},
  number    = {1},
  pages     = {126--138},
  month     = {Jan},
  issn      = {1759-0876},
  doi       = {10.1002/wcms.76},
  groups    = {CHAPTER_2},
  publisher = {John Wiley {\&} Sons, Ltd},
}

@Article{Goe1994,
  author    = {Goedecker, S. and Colombo, L.},
  title     = {{Efficient Linear Scaling Algorithm for Tight-Binding Molecular Dynamics}},
  journal   = {Phys. Rev. Lett.},
  year      = {1994},
  volume    = {73},
  number    = {1},
  pages     = {122--125},
  month     = {Jul},
  issn      = {1079-7114},
  doi       = {10.1103/PhysRevLett.73.122},
  groups    = {CHAPTER_3A},
  publisher = {American Physical Society},
}

@Article{Goe1998,
  author    = {Goedecker, S.},
  title     = {{Decay properties of the finite-temperature density matrix in metals}},
  journal   = {Phys. Rev. B},
  year      = {1998},
  volume    = {58},
  number    = {7},
  pages     = {3501--3502},
  month     = {Aug},
  issn      = {2469-9969},
  doi       = {10.1103/PhysRevB.58.3501},
  groups    = {CHAPTER_3A},
  publisher = {American Physical Society},
}

@Article{Roo1951,
  author    = {Roothaan, C. C. J.},
  title     = {{New Developments in Molecular Orbital Theory}},
  journal   = {Rev. Mod. Phys.},
  year      = {1951},
  volume    = {23},
  number    = {2},
  pages     = {69--89},
  month     = {Apr},
  issn      = {1539-0756},
  doi       = {10.1103/RevModPhys.23.69},
  groups    = {CHAPTER_3A},
  publisher = {American Physical Society},
}

@Article{Hf1989,
  author    = {H{\ifmmode\ddot{a}\else\"{a}\fi}ser, Marco and Ahlrichs, Reinhart},
  title     = {{Improvements on the direct SCF method}},
  journal   = {J. Comput. Chem.},
  year      = {1989},
  volume    = {10},
  number    = {1},
  pages     = {104--111},
  month     = {Jan},
  issn      = {0192-8651},
  doi       = {10.1002/jcc.540100111},
  groups    = {CHAPTER_3A},
  publisher = {John Wiley {\&} Sons, Ltd},
}

@Article{Pin2015,
  author    = {Pinski, Peter and Riplinger, Christoph and Valeev, Edward F. and Neese, Frank},
  title     = {{Sparse maps{\ifmmode---\else\textemdash\fi}A systematic infrastructure for reduced-scaling electronic structure methods. I. An efficient and simple linear scaling local MP2 method that uses an intermediate basis of pair natural orbitals}},
  journal   = {J. Chem. Phys.},
  year      = {2015},
  volume    = {143},
  number    = {3},
  pages     = {034108},
  month     = {Jul},
  issn      = {0021-9606},
  doi       = {10.1063/1.4926879},
  groups    = {CHAPTER_3A},
  publisher = {American Institute of Physics},
}

@Article{Nee2009,
  author    = {Neese, Frank and Wennmohs, Frank and Hansen, Andreas and Becker, Ute},
  title     = {{Efficient, approximate and parallel Hartree{\textendash}Fock and hybrid DFT calculations. A {`}chain-of-spheres{'} algorithm for the Hartree{\textendash}Fock exchange}},
  journal   = {Chem. Phys.},
  year      = {2009},
  volume    = {356},
  number    = {1},
  pages     = {98--109},
  month     = {Feb},
  issn      = {0301-0104},
  doi       = {10.1016/j.chemphys.2008.10.036},
  groups    = {CHAPTER_3A},
  publisher = {North-Holland},
}

@Article{Koh1959,
  author    = {Kohn, W.},
  title     = {{Analytic Properties of Bloch Waves and Wannier Functions}},
  journal   = {Phys. Rev.},
  year      = {1959},
  volume    = {115},
  number    = {4},
  pages     = {809--821},
  month     = {Aug},
  issn      = {1536-6065},
  doi       = {10.1103/PhysRev.115.809},
  groups    = {CHAPTER_3A},
  publisher = {American Physical Society},
}

@Article{Ism1999,
  author    = {Ismail-Beigi, Sohrab and Arias, T. A.},
  title     = {{Locality of the Density Matrix in Metals, Semiconductors, and Insulators}},
  journal   = {Phys. Rev. Lett.},
  year      = {1999},
  volume    = {82},
  number    = {10},
  pages     = {2127--2130},
  month     = {Mar},
  issn      = {1079-7114},
  doi       = {10.1103/PhysRevLett.82.2127},
  groups    = {CHAPTER_3A},
  publisher = {American Physical Society},
}

@Article{Tar2002,
  author    = {Taraskin, S. N. and Fry, P. A. and Zhang, Xiaodong and Drabold, D. A. and Elliott, S. R.},
  title     = {{Spatial decay of the single-particle density matrix in tight-binding metals: Analytic results in two dimensions}},
  journal   = {Phys. Rev. B},
  year      = {2002},
  volume    = {66},
  number    = {23},
  pages     = {233101},
  month     = {Dec},
  issn      = {2469-9969},
  doi       = {10.1103/PhysRevB.66.233101},
  groups    = {CHAPTER_3A},
  publisher = {American Physical Society},
}

@Article{Hol2017,
  author    = {Hollman, David S. and Schaefer, Henry F. and Valeev, Edward F.},
  title     = {{Fast construction of the exchange operator in an atom-centred basis with concentric atomic density fitting}},
  journal   = {Mol. Phys.},
  year      = {2017},
  volume    = {115},
  number    = {17-18},
  pages     = {2065--2076},
  month     = {Sep},
  issn      = {0026-8976},
  doi       = {10.1080/00268976.2017.1346312},
  groups    = {CHAPTER_3A},
  publisher = {Taylor {\&} Francis},
}

@Article{Whi1973,
  author    = {Whitten, J. L.},
  title     = {{Coulombic potential energy integrals and approximations}},
  journal   = {J. Chem. Phys.},
  year      = {1973},
  volume    = {58},
  number    = {10},
  pages     = {4496--4501},
  month     = {May},
  issn      = {0021-9606},
  doi       = {10.1063/1.1679012},
  groups    = {CHAPTER_3A},
  publisher = {American Institute of Physics},
}

@Article{Dun1979,
  author    = {Dunlap, B. I. and Connolly, J. W. D. and Sabin, J. R.},
  title     = {{On some approximations in applications of X{$\alpha$} theory}},
  journal   = {J. Chem. Phys.},
  year      = {1979},
  volume    = {71},
  number    = {8},
  pages     = {3396--3402},
  month     = {Oct},
  issn      = {0021-9606},
  doi       = {10.1063/1.438728},
  groups    = {CHAPTER_3A},
  publisher = {American Institute of Physics},
}

@Article{Dun1979a,
  author    = {Dunlap, B. I. and Connolly, J. W. D. and Sabin, J. R.},
  title     = {{On first{-}row diatomic molecules and local density models}},
  journal   = {J. Chem. Phys.},
  year      = {1979},
  volume    = {71},
  number    = {12},
  pages     = {4993--4999},
  month     = {Dec},
  issn      = {0021-9606},
  doi       = {10.1063/1.438313},
  groups    = {CHAPTER_3A},
  publisher = {American Institute of Physics},
}

@Article{Dun2000,
  author    = {Dunlap, B. I.},
  title     = {{Robust variational fitting: G{\ifmmode\acute{a}\else\'{a}\fi}sp{\ifmmode\acute{a}\else\'{a}\fi}r's variational exchange can accurately be treated analytically}},
  journal   = {J. Mol. Struct. THEOCHEM},
  year      = {2000},
  volume    = {501-502},
  pages     = {221--228},
  month     = {Apr},
  issn      = {0166-1280},
  doi       = {10.1016/S0166-1280(99)00433-9},
  groups    = {CHAPTER_3A},
  publisher = {Elsevier},
}

@Article{Bae1973,
  author    = {Baerends, E. J. and Ellis, D. E. and Ros, P.},
  title     = {{Self-consistent molecular Hartree{\ifmmode---\else\textemdash\fi}Fock{\ifmmode---\else\textemdash\fi}Slater calculations I. The computational procedure}},
  journal   = {Chem. Phys.},
  year      = {1973},
  volume    = {2},
  number    = {1},
  pages     = {41--51},
  month     = {Sep},
  issn      = {0301-0104},
  doi       = {10.1016/0301-0104(73)80059-X},
  groups    = {CHAPTER_3A},
  publisher = {North-Holland},
}

@Article{Vah1993,
  author    = {Vahtras, O. and Alml{\ifmmode\ddot{o}\else\"{o}\fi}f, J. and Feyereisen, M. W.},
  title     = {{Integral approximations for LCAO-SCF calculations}},
  journal   = {Chem. Phys. Lett.},
  year      = {1993},
  volume    = {213},
  number    = {5},
  pages     = {514--518},
  month     = {Oct},
  issn      = {0009-2614},
  doi       = {10.1016/0009-2614(93)89151-7},
  groups    = {CHAPTER_3A},
  publisher = {North-Holland},
}

@Article{Sky2000,
  author    = {Skylaris, C.-K. and Gagliardi, L. and Handy, N. C. and Ioannou, A. G. and Spencer, S. and Willetts, A.},
  title     = {{On the resolution of identity Coulomb energy approximation in density functional theory}},
  journal   = {J. Mol. Struct. THEOCHEM},
  year      = {2000},
  volume    = {501-502},
  pages     = {229--239},
  month     = {Apr},
  issn      = {0166-1280},
  doi       = {10.1016/S0166-1280(99)00434-0},
  groups    = {CHAPTER_3A},
  publisher = {Elsevier},
}

@Article{Jun2005,
  author    = {Jung, Yousung and Sodt, Alex and Gill, Peter M. W. and Head-Gordon, Martin},
  title     = {{Auxiliary basis expansions for large-scale electronic structure calculations}},
  journal   = {Proc. Natl. Acad. Sci. U.S.A.},
  year      = {2005},
  volume    = {102},
  number    = {19},
  pages     = {6692--6697},
  month     = {May},
  issn      = {0027-8424},
  doi       = {10.1073/pnas.0408475102},
  groups    = {CHAPTER_3A},
  publisher = {National Academy of Sciences},
}

@Article{Gil2005,
  author    = {Gill, P. M. W. and Gilbert, A. T. B. and Taylor, S. W. and Friesecke, G. and Head-Gordon, M.},
  title     = {{Decay behavior of least-squares coefficients in auxiliary basis expansions}},
  journal   = {J. Chem. Phys.},
  year      = {2005},
  volume    = {123},
  number    = {6},
  pages     = {061101},
  month     = {Aug},
  issn      = {0021-9606},
  doi       = {10.1063/1.2000867},
  groups    = {CHAPTER_3A},
  publisher = {American Institute of Physics},
}

@Article{Rei2008,
  author    = {Reine, Simen and Tellgren, Erik and Krapp, Andreas and Kj{\ae}rgaard, Thomas and Helgaker, Trygve and Jansik, Branislav and H{\o}st, Stinne and Salek, Pawe{\l}},
  title     = {{Variational and robust density fitting of four-center two-electron integrals in local metrics}},
  journal   = {J. Chem. Phys.},
  year      = {2008},
  volume    = {129},
  number    = {10},
  pages     = {104101},
  month     = {Sep},
  issn      = {0021-9606},
  doi       = {10.1063/1.2956507},
  groups    = {CHAPTER_3A},
  publisher = {American Institute of Physics},
}

@Article{Hol2015,
  author    = {Hollman, David S. and Schaefer, Henry F. and Valeev, Edward F.},
  title     = {{A tight distance-dependent estimator for screening three-center Coulomb integrals over Gaussian basis functions}},
  journal   = {J. Chem. Phys.},
  year      = {2015},
  volume    = {142},
  number    = {15},
  pages     = {154106},
  month     = {Apr},
  issn      = {0021-9606},
  doi       = {10.1063/1.4917519},
  groups    = {CHAPTER_3A},
  publisher = {American Institute of Physics},
}

@Article{Sod2008,
  author    = {Sodt, Alex and Head-Gordon, Martin},
  title     = {{Hartree-Fock exchange computed using the atomic resolution of the identity approximation}},
  journal   = {J. Chem. Phys.},
  year      = {2008},
  volume    = {128},
  number    = {10},
  pages     = {104106},
  month     = {Mar},
  issn      = {0021-9606},
  doi       = {10.1063/1.2828533},
  groups    = {CHAPTER_3A},
  publisher = {American Institute of Physics},
}

@Article{Mer2013,
  author    = {Merlot, Patrick and Kj{\ae}rgaard, Thomas and Helgaker, Trygve and Lindh, Roland and Aquilante, Francesco and Reine, Simen and Pedersen, Thomas Bondo},
  title     = {{Attractive electron{\textendash}electron interactions within robust local fitting approximations}},
  journal   = {J. Comput. Chem.},
  year      = {2013},
  volume    = {34},
  number    = {17},
  pages     = {1486--1496},
  month     = {Jun},
  issn      = {0192-8651},
  doi       = {10.1002/jcc.23284},
  groups    = {CHAPTER_3A},
  publisher = {John Wiley {\&} Sons, Ltd},
}

@Article{For2020,
  author    = {F{\ifmmode\ddot{o}\else\"{o}\fi}rster, Arno and Franchini, Mirko and van Lenthe, Erik and Visscher, Lucas},
  title     = {{A Quadratic Pair Atomic Resolution of the Identity Based SOS-AO-MP2 Algorithm Using Slater Type Orbitals}},
  journal   = {J. Chem. Theory Comput.},
  year      = {2020},
  volume    = {16},
  number    = {2},
  pages     = {875--891},
  month     = {Feb},
  issn      = {1549-9618},
  doi       = {10.1021/acs.jctc.9b00854},
  groups    = {CHAPTER_3A},
  publisher = {American Chemical Society},
}

@Article{Man2015,
  author    = {Manzer, Samuel F. and Epifanovsky, Evgeny and Head-Gordon, Martin},
  title     = {{Efficient Implementation of the Pair Atomic Resolution of the Identity Approximation for Exact Exchange for Hybrid and Range-Separated Density Functionals}},
  journal   = {J. Chem. Theory Comput.},
  year      = {2015},
  volume    = {11},
  number    = {2},
  pages     = {518--527},
  month     = {Feb},
  issn      = {1549-9618},
  doi       = {10.1021/ct5008586},
  groups    = {CHAPTER_3A},
  publisher = {American Chemical Society},
}

@Article{Pol2004,
  author    = {Polly, Robert and Werner {$\ast$}, Hans-Joachim and Manby, Frederick R. and Knowles, Peter J.},
  title     = {{Fast Hartree{\textendash}Fock theory using local density fitting approximations}},
  journal   = {Mol. Phys.},
  year      = {2004},
  volume    = {102},
  number    = {21-22},
  pages     = {2311--2321},
  month     = {Nov},
  issn      = {0026-8976},
  doi       = {10.1080/0026897042000274801},
  groups    = {CHAPTER_3A},
  publisher = {Taylor {\&} Francis},
}

@Article{Wei2002,
  author    = {Weigend, Florian},
  title     = {{A fully direct RI-HF algorithm: Implementation, optimised auxiliary basis sets, demonstration of accuracy and efficiency}},
  journal   = {Phys. Chem. Chem. Phys.},
  year      = {2002},
  volume    = {4},
  number    = {18},
  pages     = {4285--4291},
  month     = {Sep},
  issn      = {1463-9076},
  doi       = {10.1039/B204199P},
  groups    = {CHAPTER_3A},
  publisher = {The Royal Society of Chemistry},
}

@Article{Wei2008,
  author    = {Weigend, Florian},
  title     = {{Hartree{\textendash}Fock exchange fitting basis sets for H to Rn {\ifmmode\dag\else\textdagger\fi}}},
  journal   = {J. Comput. Chem.},
  year      = {2008},
  volume    = {29},
  number    = {2},
  pages     = {167--175},
  month     = {Jan},
  issn      = {0192-8651},
  doi       = {10.1002/jcc.20702},
  groups    = {CHAPTER_3A},
  publisher = {John Wiley {\&} Sons, Ltd},
}

@Article{Wei1998,
  author    = {Weigend, Florian and H{\ifmmode\ddot{a}\else\"{a}\fi}ser, Marco and Patzelt, Holger and Ahlrichs, Reinhart},
  title     = {{RI-MP2: optimized auxiliary basis sets and demonstration of efficiency}},
  journal   = {Chem. Phys. Lett.},
  year      = {1998},
  volume    = {294},
  number    = {1},
  pages     = {143--152},
  month     = {Sep},
  issn      = {0009-2614},
  doi       = {10.1016/S0009-2614(98)00862-8},
  groups    = {CHAPTER_3A},
  publisher = {North-Holland},
}

@Article{Ber1998,
  author    = {Bernholdt, David E. and Harrison, Robert J.},
  title     = {{Fitting basis sets for the RI-MP2 approximate second-order many-body perturbation theory method}},
  journal   = {J. Chem. Phys.},
  year      = {1998},
  volume    = {109},
  number    = {5},
  pages     = {1593--1600},
  month     = {Aug},
  issn      = {0021-9606},
  doi       = {10.1063/1.476732},
  groups    = {CHAPTER_3A},
  publisher = {American Institute of Physics},
}

@Article{Aqu2007,
  author    = {Aquilante, Francesco and Lindh, Roland and Bondo Pedersen, Thomas},
  title     = {{Unbiased auxiliary basis sets for accurate two-electron integral approximations}},
  journal   = {J. Chem. Phys.},
  year      = {2007},
  volume    = {127},
  number    = {11},
  pages     = {114107},
  month     = {Sep},
  issn      = {0021-9606},
  doi       = {10.1063/1.2777146},
  groups    = {CHAPTER_3A},
  publisher = {American Institute of Physics},
}

@Article{Aqu2009,
  author    = {Aquilante, Francesco and Gagliardi, Laura and Pedersen, Thomas Bondo and Lindh, Roland},
  title     = {{Atomic Cholesky decompositions: A route to unbiased auxiliary basis sets for density fitting approximation with tunable accuracy and efficiency}},
  journal   = {J. Chem. Phys.},
  year      = {2009},
  volume    = {130},
  number    = {15},
  pages     = {154107},
  month     = {Apr},
  issn      = {0021-9606},
  doi       = {10.1063/1.3116784},
  groups    = {CHAPTER_3A},
  publisher = {American Institute of Physics},
}

@Article{Gre1987,
  author    = {Greengard, L. and Rokhlin, V.},
  title     = {{A fast algorithm for particle simulations}},
  journal   = {J. Comput. Phys.},
  year      = {1987},
  volume    = {73},
  number    = {2},
  pages     = {325--348},
  month     = {Dec},
  issn      = {0021-9991},
  doi       = {10.1016/0021-9991(87)90140-9},
  groups    = {CHAPTER_3A},
  publisher = {Academic Press},
}

@Article{Gre1994,
  author    = {Greengard, Leslie},
  title     = {{Fast Algorithms for Classical Physics}},
  journal   = {Science},
  year      = {1994},
  volume    = {265},
  number    = {5174},
  pages     = {909--914},
  month     = {Aug},
  issn      = {0036-8075},
  doi       = {10.1126/science.265.5174.909},
  groups    = {CHAPTER_3A},
  publisher = {American Association for the Advancement of Science},
}

@Article{Din1992,
  author    = {Ding, Hong-Qiang and Karasawa, Naoki and Goddard, William A.},
  title     = {{Atomic level simulations on a million particles: The cell multipole method for Coulomb and London nonbond interactions}},
  journal   = {J. Chem. Phys.},
  year      = {1992},
  volume    = {97},
  number    = {6},
  pages     = {4309--4315},
  month     = {Sep},
  issn      = {0021-9606},
  doi       = {10.1063/1.463935},
  groups    = {CHAPTER_3A},
  publisher = {American Institute of Physics},
}

@Book{Arf2012,
  title     = {{Mathematical Methods for Physicists}},
  publisher = {Elsevier, Academic Press},
  year      = {2012},
  author    = {Arfken, George B. and Weber, Hans J. and Harris, Frank E.},
  isbn      = {978-0-12-384654-9},
  doi       = {10.1016/C2009-0-30629-7},
  groups    = {CHAPTER_3A},
}

@Article{Whi1996,
  author    = {White, Christopher A. and Johnson, Benny G. and Gill, Peter M. W. and Head-Gordon, Martin},
  title     = {{Linear scaling density functional calculations via the continuous fast multipole method}},
  journal   = {Chem. Phys. Lett.},
  year      = {1996},
  volume    = {253},
  number    = {3},
  pages     = {268--278},
  month     = {May},
  issn      = {0009-2614},
  doi       = {10.1016/0009-2614(96)00175-3},
  groups    = {CHAPTER_3A},
  publisher = {North-Holland},
}

@Article{Ste2019,
  author    = {Stewart, James J. P.},
  title     = {{An examination of the nature of localized molecular orbitals and their value in understanding various phenomena that occur in organic chemistry}},
  journal   = {J. Mol. Model.},
  year      = {2019},
  volume    = {25},
  number    = {1},
  pages     = {1--17},
  month     = {Jan},
  issn      = {0948-5023},
  doi       = {10.1007/s00894-018-3880-8},
  groups    = {CHAPTER_3B},
  publisher = {Springer Berlin Heidelberg},
}

@Article{Aqu2006,
  author    = {Aquilante, Francesco and Bondo Pedersen, Thomas and S{\ifmmode\acute{a}\else\'{a}\fi}nchez de Mer{\ifmmode\acute{a}\else\'{a}\fi}s, Alfredo and Koch, Henrik},
  title     = {{Fast noniterative orbital localization for large molecules}},
  journal   = {J. Chem. Phys.},
  year      = {2006},
  volume    = {125},
  number    = {17},
  pages     = {174101},
  month     = {Nov},
  issn      = {0021-9606},
  doi       = {10.1063/1.2360264},
  groups    = {CHAPTER_3B},
  publisher = {American Institute of Physics},
}

@Article{Boy1960,
  author    = {Boys, S. F.},
  title     = {{Construction of Some Molecular Orbitals to Be Approximately Invariant for Changes from One Molecule to Another}},
  journal   = {Rev. Mod. Phys.},
  year      = {1960},
  volume    = {32},
  number    = {2},
  pages     = {296--299},
  month     = {Apr},
  issn      = {1539-0756},
  doi       = {10.1103/RevModPhys.32.296},
  groups    = {CHAPTER_3B},
  publisher = {American Physical Society},
}

@Article{Edm1963,
  author    = {Edmiston, Clyde and Ruedenberg, Klaus},
  title     = {{Localized Atomic and Molecular Orbitals}},
  journal   = {Rev. Mod. Phys.},
  year      = {1963},
  volume    = {35},
  number    = {3},
  pages     = {457--464},
  month     = {Jul},
  issn      = {1539-0756},
  doi       = {10.1103/RevModPhys.35.457},
  groups    = {CHAPTER_3B},
  publisher = {American Physical Society},
}

@Article{Pip1989,
  author    = {Pipek, J{\ifmmode\acute{a}\else\'{a}\fi}nos and Mezey, Paul G.},
  title     = {{A fast intrinsic localization procedure applicable for ab initio and semiempirical linear combination of atomic orbital wave functions}},
  journal   = {J. Chem. Phys.},
  year      = {1989},
  volume    = {90},
  number    = {9},
  pages     = {4916--4926},
  month     = {May},
  issn      = {0021-9606},
  doi       = {10.1063/1.456588},
  groups    = {CHAPTER_3B},
  publisher = {American Institute of Physics},
}

@Article{Sub2004,
  author    = {Subotnik, Joseph E. and Shao, Yihan and Liang, WanZhen and Head-Gordon, Martin},
  title     = {{An efficient method for calculating maxima of homogeneous functions of orthogonal matrices: Applications to localized occupied orbitals}},
  journal   = {J. Chem. Phys.},
  year      = {2004},
  volume    = {121},
  number    = {19},
  pages     = {9220--9229},
  month     = {Nov},
  issn      = {0021-9606},
  doi       = {10.1063/1.1790971},
  groups    = {CHAPTER_3B},
  publisher = {American Institute of Physics},
}

@Article{Sub2005,
  author    = {Subotnik, Joseph E. and Dutoi, Anthony D. and Head-Gordon, Martin},
  title     = {{Fast localized orthonormal virtual orbitals which depend smoothly on nuclear coordinates}},
  journal   = {J. Chem. Phys.},
  year      = {2005},
  volume    = {123},
  number    = {11},
  pages     = {114108},
  month     = {Sep},
  issn      = {0021-9606},
  doi       = {10.1063/1.2033687},
  groups    = {CHAPTER_3B},
  publisher = {American Institute of Physics},
}

@Article{Sae1993,
  author    = {Saebo, S. and Pulay, P.},
  title     = {{Local Treatment of Electron Correlation}},
  journal   = {Annu. Rev. Phys. Chem.},
  year      = {1993},
  volume    = {44},
  number    = {1},
  pages     = {213--236},
  month     = {Oct},
  issn      = {0066-426X},
  doi       = {10.1146/annurev.pc.44.100193.001241},
  groups    = {CHAPTER_3B},
  publisher = {Annual Reviews},
}

@Article{Chr2006,
  author    = {Christiansen, Ove and Manninen, Pekka and J{\o}rgensen, Poul and Olsen, Jeppe},
  title     = {{Coupled-cluster theory in a projected atomic orbital basis}},
  journal   = {J. Chem. Phys.},
  year      = {2006},
  volume    = {124},
  number    = {8},
  pages     = {084103},
  month     = {Feb},
  issn      = {0021-9606},
  doi       = {10.1063/1.2173249},
  groups    = {CHAPTER_3B},
  publisher = {American Institute of Physics},
}

@Article{Low1956,
  author    = {L{\ifmmode\ddot{o}\else\"{o}\fi}wdin, Per-Olov and Shull, Harrison},
  title     = {{Natural Orbitals in the Quantum Theory of Two-Electron Systems}},
  journal   = {Phys. Rev.},
  year      = {1956},
  volume    = {101},
  number    = {6},
  pages     = {1730--1739},
  month     = {Mar},
  issn      = {1536-6065},
  doi       = {10.1103/PhysRev.101.1730},
  groups    = {CHAPTER_3B},
  publisher = {American Physical Society},
}

@Article{Ree1983,
  author    = {Reed, Alan E. and Weinhold, Frank},
  title     = {{Natural bond orbital analysis of near{-}Hartree{\textendash}Fock water dimer}},
  journal   = {J. Chem. Phys.},
  year      = {1983},
  volume    = {78},
  number    = {6},
  pages     = {4066--4073},
  month     = {Mar},
  issn      = {0021-9606},
  doi       = {10.1063/1.445134},
  groups    = {CHAPTER_3B},
  publisher = {American Institute of Physics},
}

@Article{Wei2001,
  author    = {Weinhold, Frank and Landis, Clark R.},
  title     = {{NATURAL BOND ORBITALS AND EXTENSIONS OF LOCALIZED BONDING CONCEPTS}},
  journal   = {Chem. Educ. Res. Pract.},
  year      = {2001},
  volume    = {2},
  number    = {2},
  pages     = {91--104},
  month     = {May},
  issn      = {1109-4028},
  doi       = {10.1039/B1RP90011K},
  groups    = {CHAPTER_3B},
  publisher = {The Royal Society of Chemistry},
}

@Article{Gle2012,
  author    = {Glendening, Eric D. and Landis, Clark R. and Weinhold, Frank},
  title     = {{Natural bond orbital methods}},
  journal   = {WIREs Comput. Mol. Sci.},
  year      = {2012},
  volume    = {2},
  number    = {1},
  pages     = {1--42},
  month     = {Jan},
  issn      = {1759-0876},
  doi       = {10.1002/wcms.51},
  groups    = {CHAPTER_3B},
  publisher = {John Wiley {\&} Sons, Ltd},
}

@Article{Bar1970,
  author    = {Barr, Tery L. and Davidson, Ernest R.},
  title     = {{Nature of the Configuration-Interaction Method in Ab Initio Calculations. I. Ne Ground State}},
  journal   = {Phys. Rev. A},
  year      = {1970},
  volume    = {1},
  number    = {3},
  pages     = {644--658},
  month     = {Mar},
  issn      = {2469-9934},
  doi       = {10.1103/PhysRevA.1.644},
  groups    = {CHAPTER_3B},
  publisher = {American Physical Society},
}

@Article{Sos1989,
  author    = {Sosa, Carlos and Geertsen, Jan and Trucks, Gary W. and Bartlett, Rodney J. and Franz, James A.},
  title     = {{Selection of the reduced virtual space for correlated calculations. An application to the energy and dipole moment of H2O}},
  journal   = {Chem. Phys. Lett.},
  year      = {1989},
  volume    = {159},
  number    = {2},
  pages     = {148--154},
  month     = {Jul},
  issn      = {0009-2614},
  doi       = {10.1016/0009-2614(89)87399-3},
  groups    = {CHAPTER_3B},
  publisher = {North-Holland},
}

@Article{Tau2005,
  author    = {Taube, Andrew G. and Bartlett, Rodney J.},
  title     = {{Frozen Natural Orbitals: Systematic Basis Set Truncation for Coupled-Cluster Theory}},
  journal   = {Collect. Czech. Chem. Commun.},
  year      = {2005},
  volume    = {70},
  number    = {6},
  pages     = {837--850},
  issn      = {1212-6950},
  doi       = {10.1135/cccc20050837},
  groups    = {CHAPTER_3B},
  publisher = {Institute of Organic Chemistry and Biochemistry AS CR, v.v.i.},
}

@Article{Tau2008,
  author    = {Taube, Andrew G. and Bartlett, Rodney J.},
  title     = {{Frozen natural orbital coupled-cluster theory: Forces and application to decomposition of nitroethane}},
  journal   = {J. Chem. Phys.},
  year      = {2008},
  volume    = {128},
  number    = {16},
  pages     = {164101},
  month     = {Apr},
  issn      = {0021-9606},
  doi       = {10.1063/1.2902285},
  groups    = {CHAPTER_3B},
  publisher = {American Institute of Physics},
}

@Article{Luz1976,
  author    = {Luzanov, A. V. and Sukhorukov, A. A. and Umanskii, V. {\ifmmode\acute{E}\else\'{E}\fi}.},
  title     = {{Application of transition density matrix for analysis of excited states}},
  journal   = {Theor. Exp. Chem.},
  year      = {1976},
  volume    = {10},
  number    = {4},
  pages     = {354--361},
  month     = {Jul},
  issn      = {1573-935X},
  doi       = {10.1007/BF00526670},
  groups    = {CHAPTER_3B},
  publisher = {Kluwer Academic Publishers},
}

@Article{Mar2003,
  author    = {Martin, Richard L.},
  title     = {{Natural transition orbitals}},
  journal   = {J. Chem. Phys.},
  year      = {2003},
  volume    = {118},
  number    = {11},
  pages     = {4775--4777},
  month     = {Mar},
  issn      = {0021-9606},
  doi       = {10.1063/1.1558471},
  groups    = {CHAPTER_3B},
  publisher = {American Institute of Physics},
}

@Article{May2007,
  author    = {Mayer, I.},
  title     = {{Using singular value decomposition for a compact presentation and improved interpretation of the CIS wave functions}},
  journal   = {Chem. Phys. Lett.},
  year      = {2007},
  volume    = {437},
  number    = {4},
  pages     = {284--286},
  month     = {Apr},
  issn      = {0009-2614},
  doi       = {10.1016/j.cplett.2007.02.038},
  groups    = {CHAPTER_3B},
  publisher = {North-Holland},
}

@Article{Bau2017,
  author    = {Baudin, Pablo and Kristensen, Kasper},
  title     = {{Correlated natural transition orbital framework for low-scaling excitation energy calculations (CorNFLEx)}},
  journal   = {J. Chem. Phys.},
  year      = {2017},
  volume    = {146},
  number    = {21},
  pages     = {214114},
  month     = {Jun},
  issn      = {0021-9606},
  doi       = {10.1063/1.4984820},
  groups    = {CHAPTER_3B},
  publisher = {American Institute of Physics},
}

@Article{Sen2011,
  author    = {Send, Robert and Kaila, Ville R. I. and Sundholm, Dage},
  title     = {{Reduction of the virtual space for coupled-cluster excitation energies of large molecules and embedded systems}},
  journal   = {J. Chem. Phys.},
  year      = {2011},
  volume    = {134},
  number    = {21},
  pages     = {214114},
  month     = {Jun},
  issn      = {0021-9606},
  doi       = {10.1063/1.3596729},
  groups    = {CHAPTER_3B},
  publisher = {American Institute of Physics},
}

@Article{Kra2012,
  author    = {Krause, Christine and Werner, Hans-Joachim},
  title     = {{Comparison of explicitly correlated local coupled-cluster methods with various choices of virtual orbitals}},
  journal   = {Phys. Chem. Chem. Phys.},
  year      = {2012},
  volume    = {14},
  number    = {21},
  pages     = {7591--7604},
  month     = {May},
  issn      = {1463-9076},
  doi       = {10.1039/C2CP40231A},
  groups    = {CHAPTER_3B},
  publisher = {The Royal Society of Chemistry},
}

@Article{Sae1985,
  author    = {S{\ae}b{\o}, Svein and Pulay, Peter},
  title     = {{Local configuration interaction: An efficient approach for larger molecules}},
  journal   = {Chem. Phys. Lett.},
  year      = {1985},
  volume    = {113},
  number    = {1},
  pages     = {13--18},
  month     = {Jan},
  issn      = {0009-2614},
  doi       = {10.1016/0009-2614(85)85003-X},
  groups    = {CHAPTER_3B},
  publisher = {North-Holland},
}

@Article{Edm1965,
  author    = {Edmiston, C. and Krauss, M.},
  title     = {{Configuration{-}Interaction Calculation of H3 and H2}},
  journal   = {J. Chem. Phys.},
  year      = {1965},
  volume    = {42},
  number    = {3},
  pages     = {1119--1120},
  month     = {Feb},
  issn      = {0021-9606},
  doi       = {10.1063/1.1696050},
  groups    = {CHAPTER_3B},
  publisher = {American Institute of Physics},
}

@Article{Mey1971,
  author    = {Meyer, Wilfried},
  title     = {{Ionization energies of water from PNO-CI calculations}},
  journal   = {Int. J. Quantum Chem.},
  year      = {1971},
  volume    = {5},
  number    = {S5},
  pages     = {341--348},
  month     = {Jan},
  issn      = {0020-7608},
  doi       = {10.1002/qua.560050839},
  groups    = {CHAPTER_3B},
  publisher = {John Wiley {\&} Sons, Ltd},
}

@Article{Mey1973,
  author    = {Meyer, Wilfried},
  title     = {{PNO{\textendash}CI Studies of electron correlation effects. I. Configuration expansion by means of nonorthogonal orbitals, and application to the ground state and ionized states of methane}},
  journal   = {J. Chem. Phys.},
  year      = {1973},
  volume    = {58},
  number    = {3},
  pages     = {1017--1035},
  month     = {Feb},
  issn      = {0021-9606},
  doi       = {10.1063/1.1679283},
  groups    = {CHAPTER_3B},
  publisher = {American Institute of Physics},
}

@Article{Sch1999,
  author    = {Sch{\ifmmode\ddot{u}\else\"{u}\fi}tz, Martin and Hetzer, Georg and Werner, Hans-Joachim},
  title     = {{Low-order scaling local electron correlation methods. I. Linear scaling local MP2}},
  journal   = {J. Chem. Phys.},
  year      = {1999},
  volume    = {111},
  number    = {13},
  pages     = {5691--5705},
  month     = {Oct},
  issn      = {0021-9606},
  doi       = {10.1063/1.479957},
  groups    = {CHAPTER_3B},
  publisher = {American Institute of Physics},
}

@Article{Sch2001,
  author    = {Sch{\ifmmode\ddot{u}\else\"{u}\fi}tz, Martin and Werner, Hans-Joachim},
  title     = {{Low-order scaling local electron correlation methods. IV. Linear scaling local coupled-cluster (LCCSD)}},
  journal   = {J. Chem. Phys.},
  year      = {2001},
  volume    = {114},
  number    = {2},
  pages     = {661--681},
  month     = {Jan},
  issn      = {0021-9606},
  doi       = {10.1063/1.1330207},
  groups    = {CHAPTER_3B},
  publisher = {American Institute of Physics},
}

@Article{Sch2000,
  author    = {Sch{\ifmmode\ddot{u}\else\"{u}\fi}tz, Martin and Werner, Hans-Joachim},
  title     = {{Local perturbative triples correction (T) with linear cost scaling}},
  journal   = {Chem. Phys. Lett.},
  year      = {2000},
  volume    = {318},
  number    = {4},
  pages     = {370--378},
  month     = {Feb},
  issn      = {0009-2614},
  doi       = {10.1016/S0009-2614(00)00066-X},
  groups    = {CHAPTER_3B},
  publisher = {North-Holland},
}

@Article{Bou1993,
  author    = {Boughton, James W. and Pulay, Peter},
  title     = {{Comparison of the boys and Pipek{\textendash}Mezey localizations in the local correlation approach and automatic virtual basis selection}},
  journal   = {J. Comput. Chem.},
  year      = {1993},
  volume    = {14},
  number    = {6},
  pages     = {736--740},
  month     = {Jun},
  issn      = {0192-8651},
  doi       = {10.1002/jcc.540140615},
  groups    = {CHAPTER_3B},
  publisher = {John Wiley {\&} Sons, Ltd},
}

@Article{Mat2008,
  author    = {Mata, Ricardo A. and Werner, Hans-Joachim and Thiel, Stephan and Thiel, Walter},
  title     = {{Toward accurate barriers for enzymatic reactions: QM/MM case study on p-hydroxybenzoate hydroxylase}},
  journal   = {J. Chem. Phys.},
  year      = {2008},
  volume    = {128},
  number    = {2},
  pages     = {025104},
  month     = {Jan},
  issn      = {0021-9606},
  doi       = {10.1063/1.2823055},
  groups    = {CHAPTER_3B},
  publisher = {American Institute of Physics},
}

@Article{Nee2009a,
  author    = {Neese, Frank and Hansen, Andreas and Liakos, Dimitrios G.},
  title     = {{Efficient and accurate approximations to the local coupled cluster singles doubles method using a truncated pair natural orbital basis}},
  journal   = {J. Chem. Phys.},
  year      = {2009},
  volume    = {131},
  number    = {6},
  pages     = {064103},
  month     = {Aug},
  issn      = {0021-9606},
  doi       = {10.1063/1.3173827},
  groups    = {CHAPTER_3B},
  publisher = {American Institute of Physics},
}

@Article{Nee2009b,
  author    = {Neese, Frank and Wennmohs, Frank and Hansen, Andreas},
  title     = {{Efficient and accurate local approximations to coupled-electron pair approaches: An attempt to revive the pair natural orbital method}},
  journal   = {J. Chem. Phys.},
  year      = {2009},
  volume    = {130},
  number    = {11},
  pages     = {114108},
  month     = {Mar},
  issn      = {0021-9606},
  doi       = {10.1063/1.3086717},
  groups    = {CHAPTER_3B},
  publisher = {American Institute of Physics},
}

@Article{Han2011,
  author    = {Hansen, Andreas and Liakos, Dimitrios G. and Neese, Frank},
  title     = {{Efficient and accurate local single reference correlation methods for high-spin open-shell molecules using pair natural orbitals}},
  journal   = {J. Chem. Phys.},
  year      = {2011},
  volume    = {135},
  number    = {21},
  pages     = {214102.},
  month     = {Dec},
  issn      = {1089-7690},
  doi       = {10.1063/1.3663855},
  eprint    = {22149774},
  groups    = {CHAPTER_3B},
  publisher = {2011 American Institute of Physics},
}

@Article{Rip2013,
  author    = {Riplinger, Christoph and Neese, Frank},
  title     = {{An efficient and near linear scaling pair natural orbital based local coupled cluster method}},
  journal   = {J. Chem. Phys.},
  year      = {2013},
  volume    = {138},
  number    = {3},
  pages     = {034106},
  month     = {Jan},
  issn      = {0021-9606},
  doi       = {10.1063/1.4773581},
  groups    = {CHAPTER_3B},
  publisher = {American Institute of Physics},
}

@Article{Tew2018,
  author    = {Tew, David P.},
  title     = {{Communication: Quasi-robust local density fitting}},
  journal   = {J. Chem. Phys.},
  year      = {2018},
  volume    = {148},
  number    = {1},
  pages     = {011102},
  month     = {Jan},
  issn      = {0021-9606},
  doi       = {10.1063/1.5013111},
  groups    = {CHAPTER_3A},
  publisher = {American Institute of Physics},
}

@Article{Hol2014,
  author    = {Hollman, David S. and Schaefer, Henry F. and Valeev, Edward F.},
  title     = {{Semi-exact concentric atomic density fitting: Reduced cost and increased accuracy compared to standard density fitting}},
  journal   = {J. Chem. Phys.},
  year      = {2014},
  volume    = {140},
  number    = {6},
  pages     = {064109},
  month     = {Feb},
  issn      = {0021-9606},
  doi       = {10.1063/1.4864755},
  groups    = {CHAPTER_4A},
  publisher = {American Institute of Physics},
}

@Article{Cha1996,
  author    = {Challacombe, Matt and Schwegler, Eric and Alml{\ifmmode\ddot{o}\else\"{o}\fi}f, Jan},
  title     = {{Fast assembly of the Coulomb matrix: A quantum chemical tree code}},
  journal   = {J. Chem. Phys.},
  year      = {1996},
  volume    = {104},
  number    = {12},
  pages     = {4685--4698},
  month     = {Mar},
  issn      = {0021-9606},
  doi       = {10.1063/1.471163},
  groups    = {CHAPTER_4A},
  publisher = {American Institute of Physics},
}

@Article{Str1996,
  author    = {Strain, Matthew C. and Scuseria, Gustavo E. and Frisch, Michael J.},
  title     = {{Achieving Linear Scaling for the Electronic Quantum Coulomb Problem}},
  journal   = {Science},
  year      = {1996},
  volume    = {271},
  number    = {5245},
  pages     = {51--53},
  month     = {Jan},
  issn      = {0036-8075},
  doi       = {10.1126/science.271.5245.51},
  groups    = {CHAPTER_4A},
  publisher = {American Association for the Advancement of Science},
}

@Article{Sha2000,
  author    = {Shao, Yihan and Head-Gordon, Martin},
  title     = {{An improved J matrix engine for density functional theory calculations}},
  journal   = {Chem. Phys. Lett.},
  year      = {2000},
  volume    = {323},
  number    = {5},
  pages     = {425--433},
  month     = {Jun},
  issn      = {0009-2614},
  doi       = {10.1016/S0009-2614(00)00524-8},
  groups    = {CHAPTER_4A},
  publisher = {North-Holland},
}

@Article{Sha2001,
  author    = {Shao, Yihan and White, Christopher A. and Head-Gordon, Martin},
  title     = {{Efficient evaluation of the Coulomb force in density-functional theory calculations}},
  journal   = {J. Chem. Phys.},
  year      = {2001},
  volume    = {114},
  number    = {15},
  pages     = {6572--6577},
  month     = {Apr},
  issn      = {0021-9606},
  doi       = {10.1063/1.1357441},
  groups    = {CHAPTER_4A},
  publisher = {American Institute of Physics},
}

@Article{Wei2002a,
  author    = {Weigend, Florian},
  title     = {{A fully direct RI-HF algorithm: Implementation, optimised auxiliary basis sets, demonstration of accuracy and efficiency}},
  journal   = {Phys. Chem. Chem. Phys.},
  year      = {2002},
  volume    = {4},
  number    = {18},
  pages     = {4285--4291},
  doi       = {10.1039/B204199P},
  groups    = {CHAPTER_4A},
  publisher = {Royal Society of Chemistry},
}

@Article{Mej2014,
  author    = {Mej{\ifmmode\acute{\imath}\else\'{\i}\fi}a-Rodr{\ifmmode\acute{\imath}\else\'{\i}\fi}guez, Daniel and K{\ifmmode\ddot{o}\else\"{o}\fi}ster, Andreas M.},
  title     = {{Robust and efficient variational fitting of Fock exchange}},
  journal   = {J. Chem. Phys.},
  year      = {2014},
  volume    = {141},
  number    = {12},
  pages     = {124114},
  month     = {Sep},
  issn      = {0021-9606},
  doi       = {10.1063/1.4896199},
  groups    = {CHAPTER_4A},
  publisher = {American Institute of Physics},
}

@Article{Nee2009c,
  author    = {Neese, Frank and Wennmohs, Frank and Hansen, Andreas and Becker, Ute},
  title     = {{Efficient, approximate and parallel Hartree{\textendash}Fock and hybrid DFT calculations. A {`}chain-of-spheres{'} algorithm for the Hartree{\textendash}Fock exchange}},
  journal   = {Chem. Phys.},
  year      = {2009},
  volume    = {356},
  number    = {1},
  pages     = {98--109},
  month     = {Feb},
  issn      = {0301-0104},
  doi       = {10.1016/j.chemphys.2008.10.036},
  groups    = {CHAPTER_4A},
  publisher = {North-Holland},
}

@Article{Izs2011,
  author    = {Izs{\ifmmode\acute{a}\else\'{a}\fi}k, R{\ifmmode\acute{o}\else\'{o}\fi}bert and Neese, Frank},
  title     = {{An overlap fitted chain of spheres exchange method}},
  journal   = {J. Chem. Phys.},
  year      = {2011},
  volume    = {135},
  number    = {14},
  pages     = {144105},
  month     = {Oct},
  issn      = {0021-9606},
  doi       = {10.1063/1.3646921},
  groups    = {CHAPTER_4A},
  publisher = {American Institute of Physics},
}

@Article{Gui2010,
  author    = {Guidon, Manuel and Hutter, J{\ifmmode\ddot{u}\else\"{u}\fi}rg and VandeVondele, Joost},
  title     = {{Auxiliary Density Matrix Methods for Hartree{-}Fock Exchange Calculations}},
  journal   = {J. Chem. Theory Comput.},
  year      = {2010},
  volume    = {6},
  number    = {8},
  pages     = {2348--2364},
  month     = {Aug},
  issn      = {1549-9618},
  doi       = {10.1021/ct1002225},
  groups    = {CHAPTER_4A},
  publisher = {American Chemical Society},
}

@Article{Rub2008,
  author    = {Rubensson, Emanuel H. and Rudberg, Elias and Sa{\l}ek, Pawe{\l}},
  title     = {{Density matrix purification with rigorous error control}},
  journal   = {J. Chem. Phys.},
  year      = {2008},
  volume    = {128},
  number    = {7},
  pages     = {074106},
  month     = {Feb},
  issn      = {0021-9606},
  doi       = {10.1063/1.2826343},
  groups    = {CHAPTER_4A},
  publisher = {American Institute of Physics},
}

@Article{Kim2016,
  author    = {Kim, Jaehoon and Jung, Yousung},
  title     = {{A perspective on the density matrix purification for linear scaling electronic structure calculations}},
  journal   = {Int. J. Quantum Chem.},
  year      = {2016},
  volume    = {116},
  number    = {8},
  pages     = {563--568},
  month     = {Apr},
  issn      = {0020-7608},
  doi       = {10.1002/qua.25048},
  groups    = {CHAPTER_4A},
  publisher = {John Wiley {\&} Sons, Ltd},
}

@Article{McW1959,
  author    = {McWeeny, R.},
  title     = {{Hartree-Fock Theory with Nonorthogonal Basis Functions}},
  journal   = {Phys. Rev.},
  year      = {1959},
  volume    = {114},
  number    = {6},
  pages     = {1528--1529},
  month     = {Jun},
  issn      = {1536-6065},
  doi       = {10.1103/PhysRev.114.1528},
  groups    = {CHAPTER_4A},
  publisher = {American Physical Society},
}

@Article{Pal1998,
  author    = {Palser, Adam H. R. and Manolopoulos, David E.},
  title     = {{Canonical purification of the density matrix in electronic-structure theory}},
  journal   = {Phys. Rev. B},
  year      = {1998},
  volume    = {58},
  number    = {19},
  pages     = {12704--12711},
  month     = {Nov},
  issn      = {2469-9969},
  doi       = {10.1103/PhysRevB.58.12704},
  groups    = {CHAPTER_4A},
  publisher = {American Physical Society},
}

@Article{Nik2003,
  author    = {Niklasson, Anders M. N. and Tymczak, C. J. and Challacombe, Matt},
  title     = {{Trace resetting density matrix purification in O(N) self-consistent-field theory}},
  journal   = {J. Chem. Phys.},
  year      = {2003},
  volume    = {118},
  number    = {19},
  pages     = {8611--8620},
  month     = {May},
  issn      = {0021-9606},
  doi       = {10.1063/1.1559913},
  groups    = {CHAPTER_4A},
  publisher = {American Institute of Physics},
}

@Article{Li1993,
  author    = {Li, X.-P. and Nunes, R. W. and Vanderbilt, David},
  title     = {{Density-matrix electronic-structure method with linear system-size scaling}},
  journal   = {Phys. Rev. B},
  year      = {1993},
  volume    = {47},
  number    = {16},
  pages     = {10891--10894},
  month     = {Apr},
  issn      = {2469-9969},
  doi       = {10.1103/PhysRevB.47.10891},
  groups    = {CHAPTER_4A},
  publisher = {American Physical Society},
}

@Article{Daw1993,
  author    = {Daw, Murray S.},
  title     = {{Model for energetics of solids based on the density matrix}},
  journal   = {Phys. Rev. B},
  year      = {1993},
  volume    = {47},
  number    = {16},
  pages     = {10895--10898},
  month     = {Apr},
  issn      = {2469-9969},
  doi       = {10.1103/PhysRevB.47.10895},
  groups    = {CHAPTER_4A},
  publisher = {American Physical Society},
}

@Article{Nun1994,
  author    = {Nunes, R. W. and Vanderbilt, David},
  title     = {{Generalization of the density-matrix method to a nonorthogonal basis}},
  journal   = {Phys. Rev. B},
  year      = {1994},
  volume    = {50},
  number    = {23},
  pages     = {17611--17614},
  month     = {Dec},
  issn      = {2469-9969},
  doi       = {10.1103/PhysRevB.50.17611},
  groups    = {CHAPTER_4A},
  publisher = {American Physical Society},
}

@Article{Sha2003,
  author    = {Shao, Yihan and Saravanan, Chandra and Head-Gordon, Martin and White, Christopher A.},
  title     = {{Curvy steps for density matrix-based energy minimization: Application to large-scale self-consistent-field calculations}},
  journal   = {J. Chem. Phys.},
  year      = {2003},
  volume    = {118},
  number    = {14},
  pages     = {6144--6151},
  month     = {Apr},
  issn      = {0021-9606},
  doi       = {10.1063/1.1558476},
  groups    = {CHAPTER_4A},
  publisher = {American Institute of Physics},
}

@Article{Pul1983,
  author    = {Pulay, Peter},
  title     = {{Localizability of dynamic electron correlation}},
  journal   = {Chem. Phys. Lett.},
  year      = {1983},
  volume    = {100},
  number    = {2},
  pages     = {151--154},
  month     = {Sep},
  issn      = {0009-2614},
  doi       = {10.1016/0009-2614(83)80703-9},
  groups    = {CHAPTER_4B},
  publisher = {North-Holland},
}

@Article{Alm1991,
  author    = {Alml{\ifmmode\ddot{o}\else\"{o}\fi}f, Jan},
  title     = {{Elimination of energy denominators in M{\o}ller{\ifmmode---\else\textemdash\fi}Plesset perturbation theory by a Laplace transform approach}},
  journal   = {Chem. Phys. Lett.},
  year      = {1991},
  volume    = {181},
  number    = {4},
  pages     = {319--320},
  month     = {Jun},
  issn      = {0009-2614},
  doi       = {10.1016/0009-2614(91)80078-C},
  groups    = {CHAPTER_4B},
  publisher = {North-Holland},
}

@Article{Has1993,
  author    = {H{\ifmmode\ddot{a}\else\"{a}\fi}ser, Marco},
  title     = {{M{\o}ller-Plesset (MP2) perturbation theory for large molecules}},
  journal   = {Theor. Chim. Acta},
  year      = {1993},
  volume    = {87},
  number    = {1},
  pages     = {147--173},
  month     = {Nov},
  issn      = {1432-2234},
  doi       = {10.1007/BF01113535},
  groups    = {CHAPTER_4B},
  publisher = {Springer-Verlag},
}

@Article{Has1992,
  author    = {H{\ifmmode\ddot{a}\else\"{a}\fi}ser, Marco and Alml{\ifmmode\ddot{o}\else\"{o}\fi}f, Jan},
  title     = {{Laplace transform techniques in Mo/ller{\textendash}Plesset perturbation theory}},
  journal   = {J. Chem. Phys.},
  year      = {1992},
  volume    = {96},
  number    = {1},
  pages     = {489--494},
  month     = {Jan},
  issn      = {0021-9606},
  doi       = {10.1063/1.462485},
  groups    = {CHAPTER_4B},
  publisher = {American Institute of Physics},
}

@Article{Aya1999,
  author    = {Ayala, Philippe Y. and Scuseria, Gustavo E.},
  title     = {{Linear scaling second-order Moller{\textendash}Plesset theory in the atomic orbital basis for large molecular systems}},
  journal   = {J. Chem. Phys.},
  year      = {1999},
  volume    = {110},
  number    = {8},
  pages     = {3660--3671},
  month     = {Feb},
  issn      = {0021-9606},
  doi       = {10.1063/1.478256},
  groups    = {CHAPTER_4B},
  publisher = {American Institute of Physics},
}

@Article{Lam2005,
  author    = {Lambrecht, Daniel S. and Ochsenfeld, Christian},
  title     = {{Multipole-based integral estimates for the rigorous description of distance dependence in two-electron integrals}},
  journal   = {J. Chem. Phys.},
  year      = {2005},
  volume    = {123},
  number    = {18},
  pages     = {184101},
  month     = {Nov},
  issn      = {0021-9606},
  doi       = {10.1063/1.2079967},
  groups    = {CHAPTER_4B},
  publisher = {American Institute of Physics},
}

@Article{Lam2005a,
  author    = {Lambrecht, Daniel S. and Doser, Bernd and Ochsenfeld, Christian},
  title     = {{Rigorous integral screening for electron correlation methods}},
  journal   = {J. Chem. Phys.},
  year      = {2005},
  volume    = {123},
  number    = {18},
  pages     = {184102},
  month     = {Nov},
  issn      = {0021-9606},
  doi       = {10.1063/1.2079987},
  groups    = {CHAPTER_4B},
  publisher = {American Institute of Physics},
}

@Article{Dos2008,
  author    = {Doser, Bernd and Lambrecht, Daniel S. and Ochsenfeld, Christian},
  title     = {{Tighter multipole-based integral estimates and parallel implementation of linear-scaling AO{\textendash}MP2 theory}},
  journal   = {Phys. Chem. Chem. Phys.},
  year      = {2008},
  volume    = {10},
  number    = {23},
  pages     = {3335--3344},
  month     = {Jun},
  issn      = {1463-9076},
  doi       = {10.1039/B804110E},
  groups    = {CHAPTER_4B},
  publisher = {The Royal Society of Chemistry},
}

@Article{Zie2009,
  author    = {Zienau, Jan and Clin, Lucien and Doser, Bernd and Ochsenfeld, Christian},
  title     = {{Cholesky-decomposed densities in Laplace-based second-order M{\o}ller{\textendash}Plesset perturbation theory}},
  journal   = {J. Chem. Phys.},
  year      = {2009},
  volume    = {130},
  number    = {20},
  pages     = {204112},
  month     = {May},
  issn      = {0021-9606},
  doi       = {10.1063/1.3142592},
  groups    = {CHAPTER_4B},
  publisher = {American Institute of Physics},
}

@Article{Lue2017,
  author    = {Luenser, Arne and Schurkus, Henry F. and Ochsenfeld, Christian},
  title     = {{Vanishing-Overhead Linear-Scaling Random Phase Approximation by Cholesky Decomposition and an Attenuated Coulomb-Metric}},
  journal   = {J. Chem. Theory Comput.},
  year      = {2017},
  volume    = {13},
  number    = {4},
  pages     = {1647--1655},
  month     = {Apr},
  issn      = {1549-9618},
  doi       = {10.1021/acs.jctc.6b01235},
  groups    = {CHAPTER_4B},
  publisher = {American Chemical Society},
}

@Article{Gla2020,
  author    = {Glasbrenner, Michael and Graf, Daniel and Ochsenfeld, Christian},
  title     = {{Efficient Reduced-Scaling Second-Order M{\o}ller{\textendash}Plesset Perturbation Theory with Cholesky-Decomposed Densities and an Attenuated Coulomb Metric}},
  journal   = {J. Chem. Theory Comput.},
  year      = {2020},
  volume    = {16},
  number    = {11},
  pages     = {6856--6868},
  month     = {Nov},
  issn      = {1549-9618},
  doi       = {10.1021/acs.jctc.0c00600},
  groups    = {CHAPTER_4B},
  publisher = {American Chemical Society},
}

@Article{Mau2014,
  author    = {Maurer, Simon A. and Clin, Lucien and Ochsenfeld, Christian},
  title     = {{Cholesky-decomposed density MP2 with density fitting: Accurate MP2 and double-hybrid DFT energies for large systems}},
  journal   = {J. Chem. Phys.},
  year      = {2014},
  volume    = {140},
  number    = {22},
  pages     = {224112},
  month     = {Jun},
  issn      = {0021-9606},
  doi       = {10.1063/1.4881144},
  groups    = {CHAPTER_4B},
  publisher = {American Institute of Physics},
}

@Article{Kat2008,
  author    = {Kats, Danylo and Usvyat, Denis and Sch{\ifmmode\ddot{u}\else\"{u}\fi}tz, Martin},
  title     = {{On the use of the Laplace transform in local correlation methods}},
  journal   = {Phys. Chem. Chem. Phys.},
  year      = {2008},
  volume    = {10},
  number    = {23},
  pages     = {3430--3439},
  month     = {Jun},
  issn      = {1463-9076},
  doi       = {10.1039/B802993H},
  groups    = {CHAPTER_4B},
  publisher = {The Royal Society of Chemistry},
}

@Article{Hyl1929,
  author  = {Hylleraas, Egil A.},
  title   = {{Neue Berechnung der Energie des Heliums im Grundzustande, sowie des tiefsten Terms von Ortho-Helium}},
  journal = {Z. Phys.},
  year    = {1929},
  volume  = {54},
  number  = {5-6},
  pages   = {347--366},
  month   = {May},
  doi     = {10.1007/BF01375457},
  groups  = {CHAPTER_4B},
}

@Article{Het1998,
  author    = {Hetzer, Georg and Pulay, Peter and Werner, Hans-Joachim},
  title     = {{Multipole approximation of distant pair energies in local MP2 calculations}},
  journal   = {Chem. Phys. Lett.},
  year      = {1998},
  volume    = {290},
  number    = {1},
  pages     = {143--149},
  month     = {Jun},
  issn      = {0009-2614},
  doi       = {10.1016/S0009-2614(98)00491-6},
  groups    = {CHAPTER_4B},
  publisher = {North-Holland},
}

@Article{Rau1995,
  author    = {Rauhut, Guntram and Boughton, James W. and Pulay, Peter},
  title     = {{Modeling localized electron pair correlation energies}},
  journal   = {J. Chem. Phys.},
  year      = {1995},
  volume    = {103},
  number    = {13},
  pages     = {5662--5673},
  month     = {Oct},
  issn      = {0021-9606},
  doi       = {10.1063/1.470548},
  groups    = {CHAPTER_4B},
  publisher = {American Institute of Physics},
}

@Article{Wer2015,
  author    = {Werner, Hans-Joachim and Knizia, Gerald and Krause, Christine and Schwilk, Max and Dornbach, Mark},
  title     = {{Scalable Electron Correlation Methods I.: PNO-LMP2 with Linear Scaling in the Molecular Size and Near-Inverse-Linear Scaling in the Number of Processors}},
  journal   = {J. Chem. Theory Comput.},
  year      = {2015},
  volume    = {11},
  number    = {2},
  pages     = {484--507},
  month     = {Feb},
  issn      = {1549-9618},
  doi       = {10.1021/ct500725e},
  groups    = {CHAPTER_4B},
  publisher = {American Chemical Society},
}

@Article{Pin2018,
  author    = {Pinski, Peter and Neese, Frank},
  title     = {{Communication: Exact analytical derivatives for the domain-based local pair natural orbital MP2 method (DLPNO-MP2)}},
  journal   = {J. Chem. Phys.},
  year      = {2018},
  volume    = {148},
  number    = {3},
  pages     = {031101},
  month     = {Jan},
  issn      = {0021-9606},
  doi       = {10.1063/1.5011204},
  groups    = {CHAPTER_4B},
  publisher = {American Institute of Physics},
}

@Article{Fra2017,
  author    = {Frank, Marius S. and Schmitz, Gunnar and H{\ifmmode\ddot{a}\else\"{a}\fi}ttig, Christof},
  title     = {{The PNO{\textendash}MP2 gradient and its application to molecular geometry optimisations}},
  journal   = {Mol. Phys.},
  year      = {2017},
  volume    = {115},
  number    = {3},
  pages     = {343--356},
  month     = {Feb},
  issn      = {0026-8976},
  doi       = {10.1080/00268976.2016.1263762},
  groups    = {CHAPTER_4B},
  publisher = {Taylor {\&} Francis},
}

@Article{Sch2013,
  author    = {Schmitz, Gunnar and Helmich, Benjamin and H{\ifmmode\ddot{a}\else\"{a}\fi}ttig, Christof},
  title     = {{A scaling PNO{\textendash}MP2 method using a hybrid OSV{\textendash}PNO approach with an iterative direct generation of OSVs{\ifmmode\dag\else\textdagger\fi}}},
  journal   = {Mol. Phys.},
  year      = {2013},
  volume    = {111},
  number    = {16-17},
  pages     = {2463--2476},
  month     = {Sep},
  issn      = {0026-8976},
  doi       = {10.1080/00268976.2013.794314},
  groups    = {CHAPTER_4B},
  publisher = {Taylor {\&} Francis},
}

@Article{Nag2018,
  author    = {Nagy, P{\ifmmode\acute{e}\else\'{e}\fi}ter R. and Samu, Gyula and K{\ifmmode\acute{a}\else\'{a}\fi}llay, Mih{\ifmmode\acute{a}\else\'{a}\fi}ly},
  title     = {{Optimization of the Linear-Scaling Local Natural Orbital CCSD(T) Method: Improved Algorithm and Benchmark Applications}},
  journal   = {J. Chem. Theory Comput.},
  year      = {2018},
  volume    = {14},
  number    = {8},
  pages     = {4193--4215},
  month     = {Aug},
  issn      = {1549-9618},
  doi       = {10.1021/acs.jctc.8b00442},
  groups    = {CHAPTER_4B},
  publisher = {American Chemical Society},
}

@Article{Guo2018,
  author    = {Guo, Yang and Riplinger, Christoph and Becker, Ute and Liakos, Dimitrios G. and Minenkov, Yury and Cavallo, Luigi and Neese, Frank},
  title     = {{Communication: An improved linear scaling perturbative triples correction for the domain based local pair-natural orbital based singles and doubles coupled cluster method [DLPNO-CCSD(T)]}},
  journal   = {J. Chem. Phys.},
  year      = {2018},
  volume    = {148},
  number    = {1},
  pages     = {011101},
  month     = {Jan},
  issn      = {0021-9606},
  doi       = {10.1063/1.5011798},
  groups    = {CHAPTER_4B},
  publisher = {American Institute of Physics},
}

@Article{Sch2002,
  author    = {Sch{\ifmmode\ddot{u}\else\"{u}\fi}tz, Martin},
  title     = {{Low-order scaling local electron correlation methods. V. Connected triples beyond (T): Linear scaling local CCSDT-1b}},
  journal   = {J. Chem. Phys.},
  year      = {2002},
  volume    = {116},
  number    = {20},
  pages     = {8772--8785},
  month     = {May},
  issn      = {0021-9606},
  doi       = {10.1063/1.1470497},
  groups    = {CHAPTER_4B},
  publisher = {American Institute of Physics},
}

@Article{Sch2000a,
  author    = {Sch{\ifmmode\ddot{u}\else\"{u}\fi}tz, Martin and Werner, Hans-Joachim},
  title     = {{Local perturbative triples correction (T) with linear cost scaling}},
  journal   = {Chem. Phys. Lett.},
  year      = {2000},
  volume    = {318},
  number    = {4},
  pages     = {370--378},
  month     = {Feb},
  issn      = {0009-2614},
  doi       = {10.1016/S0009-2614(00)00066-X},
  groups    = {CHAPTER_4B},
  publisher = {North-Holland},
}

@Article{Sch2000b,
  author    = {Sch{\ifmmode\ddot{u}\else\"{u}\fi}tz, Martin},
  title     = {{Low-order scaling local electron correlation methods. III. Linear scaling local perturbative triples correction (T)}},
  journal   = {J. Chem. Phys.},
  year      = {2000},
  volume    = {113},
  number    = {22},
  pages     = {9986--10001},
  month     = {Dec},
  issn      = {0021-9606},
  doi       = {10.1063/1.1323265},
  groups    = {CHAPTER_4B},
  publisher = {American Institute of Physics},
}

@Article{Sch2017,
  author    = {Schmitz, Gunnar and H{\ifmmode\ddot{a}\else\"{a}\fi}ttig, Christof},
  title     = {{Accuracy of Explicitly Correlated Local PNO-CCSD(T)}},
  journal   = {J. Chem. Theory Comput.},
  year      = {2017},
  volume    = {13},
  number    = {6},
  pages     = {2623--2633},
  month     = {Jun},
  issn      = {1549-9618},
  doi       = {10.1021/acs.jctc.7b00180},
  groups    = {CHAPTER_4B},
  publisher = {American Chemical Society},
}

@Article{Rol2013,
  author    = {Rolik, Zolt{\ifmmode\acute{a}\else\'{a}\fi}n and Szegedy, L{\ifmmode\acute{o}\else\'{o}\fi}r{\ifmmode\acute{a}\else\'{a}\fi}nt and Ladj{\ifmmode\acute{a}\else\'{a}\fi}nszki, Istv{\ifmmode\acute{a}\else\'{a}\fi}n and Lad{\ifmmode\acute{o}\else\'{o}\fi}czki, Bence and K{\ifmmode\acute{a}\else\'{a}\fi}llay, Mih{\ifmmode\acute{a}\else\'{a}\fi}ly},
  title     = {{An efficient linear-scaling CCSD(T) method based on local natural orbitals}},
  journal   = {J. Chem. Phys.},
  year      = {2013},
  volume    = {139},
  number    = {9},
  pages     = {094105},
  month     = {Sep},
  issn      = {0021-9606},
  doi       = {10.1063/1.4819401},
  groups    = {CHAPTER_4B},
  publisher = {American Institute of Physics},
}

@Article{Scu1999,
  author    = {Scuseria, Gustavo E. and Ayala, Philippe Y.},
  title     = {{Linear scaling coupled cluster and perturbation theories in the atomic orbital basis}},
  journal   = {J. Chem. Phys.},
  year      = {1999},
  volume    = {111},
  number    = {18},
  pages     = {8330--8343},
  month     = {Nov},
  issn      = {0021-9606},
  doi       = {10.1063/1.480174},
  groups    = {CHAPTER_4B},
  publisher = {American Institute of Physics},
}

@Article{Sch2001a,
  author    = {Sch{\ifmmode\ddot{u}\else\"{u}\fi}tz, Martin and Werner, Hans-Joachim},
  title     = {{Low-order scaling local electron correlation methods. IV. Linear scaling local coupled-cluster (LCCSD)}},
  journal   = {J. Chem. Phys.},
  year      = {2001},
  volume    = {114},
  number    = {2},
  pages     = {661--681},
  month     = {Jan},
  issn      = {0021-9606},
  doi       = {10.1063/1.1330207},
  groups    = {CHAPTER_4B},
  publisher = {American Institute of Physics},
}

@Unpublished{Sac2021,
  author = {Sacchetta, Filippo and Ochsenfeld, Christian},
  year   = {2021},
  groups = {CHAPTER_4B},
}

@Article{Och1998,
  author    = {Ochsenfeld, Christian and White, Christopher A. and Head-Gordon, Martin},
  title     = {{Linear and sublinear scaling formation of Hartree{\textendash}Fock-type exchange matrices}},
  journal   = {J. Chem. Phys.},
  year      = {1998},
  volume    = {109},
  number    = {5},
  pages     = {1663--1669},
  month     = {Aug},
  issn      = {0021-9606},
  doi       = {10.1063/1.476741},
  groups    = {CHAPTER_4A},
  publisher = {American Institute of Physics},
}

@Article{Hof2017,
  author    = {H{\ifmmode\ddot{o}\else\"{o}\fi}fener, Sebastian and Klopper, Wim},
  title     = {{Natural transition orbitals for the calculation of correlation and excitation energies}},
  journal   = {Chem. Phys. Lett.},
  year      = {2017},
  volume    = {679},
  pages     = {52--59},
  month     = {Jul},
  issn      = {0009-2614},
  doi       = {10.1016/j.cplett.2017.04.083},
  publisher = {North-Holland},
}

@Article{Yan2011,
  author    = {Yang, Jun and Kurashige, Yuki and Manby, Frederick R. and Chan, Garnet K. L.},
  title     = {{Tensor factorizations of local second-order M{\o}ller{\textendash}Plesset theory}},
  journal   = {J. Chem. Phys.},
  year      = {2011},
  volume    = {134},
  number    = {4},
  pages     = {044123},
  month     = {Jan},
  issn      = {0021-9606},
  doi       = {10.1063/1.3528935},
  groups    = {CHAPTER_3B},
  publisher = {American Institute of Physics},
}

@Article{Sch1997,
  author    = {Schwegler, Eric and Challacombe, Matt and Head-Gordon, Martin},
  title     = {{Linear scaling computation of the Fock matrix. II. Rigorous bounds on exchange integrals and incremental Fock build}},
  journal   = {J. Chem. Phys.},
  year      = {1997},
  volume    = {106},
  number    = {23},
  pages     = {9708--9717},
  month     = {Jun},
  issn      = {0021-9606},
  doi       = {10.1063/1.473833},
  groups    = {CHAPTER_4A},
  publisher = {American Institute of Physics},
}

@Article{Pul1986,
  author    = {Pulay, Peter and Saeb{\o}, Svein},
  title     = {{Orbital-invariant formulation and second-order gradient evaluation in M{\o}ller-Plesset perturbation theory}},
  journal   = {Theor. Chim. Acta},
  year      = {1986},
  volume    = {69},
  number    = {5},
  pages     = {357--368},
  month     = {Jun},
  issn      = {1432-2234},
  doi       = {10.1007/BF00526697},
  groups    = {CHAPTER_4A},
  publisher = {Springer-Verlag},
}

@Article{Sae1987,
  author    = {Saebo/, Svein and Pulay, Peter},
  title     = {{Fourth{-}order Mo/ller{\textendash}Plessett perturbation theory in the local correlation treatment. I. Method}},
  journal   = {J. Chem. Phys.},
  year      = {1987},
  volume    = {86},
  number    = {2},
  pages     = {914--922},
  month     = {Jan},
  issn      = {0021-9606},
  doi       = {10.1063/1.452293},
  groups    = {CHAPTER_4A},
  publisher = {American Institute of Physics},
}

@Article{Sae1988,
  author    = {Saebo, Svein and Pulay, Peter},
  title     = {{The local correlation treatment. II. Implementation and tests}},
  journal   = {J. Chem. Phys.},
  year      = {1988},
  volume    = {88},
  number    = {3},
  pages     = {1884--1890},
  month     = {Feb},
  issn      = {0021-9606},
  doi       = {10.1063/1.454111},
  groups    = {CHAPTER_4A},
  publisher = {American Institute of Physics},
}

@Article{Kor2003,
  author    = {Korona, Tatiana and Werner, Hans-Joachim},
  title     = {{Local treatment of electron excitations in the EOM-CCSD method}},
  journal   = {J. Chem. Phys.},
  year      = {2003},
  volume    = {118},
  number    = {7},
  pages     = {3006--3019},
  month     = {Feb},
  issn      = {0021-9606},
  doi       = {10.1063/1.1537718},
  groups    = {CHAPTER_5},
  publisher = {American Institute of Physics},
}

@Article{Cra2002,
  author    = {Crawford, T. Daniel and King, Rollin A.},
  title     = {{Locally correlated equation-of-motion coupled cluster theory for the excited states of large molecules}},
  journal   = {Chem. Phys. Lett.},
  year      = {2002},
  volume    = {366},
  number    = {5},
  pages     = {611--622},
  month     = {Dec},
  issn      = {0009-2614},
  doi       = {10.1016/S0009-2614(02)01639-1},
  groups    = {CHAPTER_5},
  publisher = {North-Holland},
}

@Article{Kat2009,
  author    = {Kats, Danylo and Sch{\ifmmode\ddot{u}\else\"{u}\fi}tz, Martin},
  title     = {{A multistate local coupled cluster CC2 response method based on the Laplace transform}},
  journal   = {J. Chem. Phys.},
  year      = {2009},
  volume    = {131},
  number    = {12},
  pages     = {124117},
  month     = {Sep},
  issn      = {0021-9606},
  doi       = {10.1063/1.3237134},
  groups    = {CHAPTER_5},
  publisher = {American Institute of Physics},
}

@Article{Mes2017,
  author    = {Mester, D{\ifmmode\acute{a}\else\'{a}\fi}vid and Nagy, P{\ifmmode\acute{e}\else\'{e}\fi}ter R. and K{\ifmmode\acute{a}\else\'{a}\fi}llay, Mih{\ifmmode\acute{a}\else\'{a}\fi}ly},
  title     = {{Reduced-cost linear-response CC2 method based on natural orbitals and natural auxiliary functions}},
  journal   = {J. Chem. Phys.},
  year      = {2017},
  volume    = {146},
  number    = {19},
  pages     = {194102},
  month     = {May},
  issn      = {0021-9606},
  doi       = {10.1063/1.4983277},
  groups    = {CHAPTER_5},
  publisher = {American Institute of Physics},
}

@Article{Lan2010,
  author    = {Landau, Arie and Khistyaev, Kirill and Dolgikh, Stanislav and Krylov, Anna I.},
  title     = {{Frozen natural orbitals for ionized states within equation-of-motion coupled-cluster formalism}},
  journal   = {J. Chem. Phys.},
  year      = {2010},
  volume    = {132},
  number    = {1},
  pages     = {014109},
  month     = {Jan},
  issn      = {0021-9606},
  doi       = {10.1063/1.3276630},
  groups    = {CHAPTER_5},
  publisher = {American Institute of Physics},
}

@Article{Kum2017,
  author    = {Kumar, Ashutosh and Crawford, T. Daniel},
  title     = {{Frozen Virtual Natural Orbitals for Coupled-Cluster Linear-Response Theory}},
  journal   = {J. Phys. Chem. A},
  year      = {2017},
  volume    = {121},
  number    = {3},
  pages     = {708--716},
  month     = {Jan},
  issn      = {1089-5639},
  doi       = {10.1021/acs.jpca.6b11410},
  groups    = {CHAPTER_5},
  publisher = {American Chemical Society},
}

@Article{Mes2018,
  author    = {Mester, D{\ifmmode\acute{a}\else\'{a}\fi}vid and Nagy, P{\ifmmode\acute{e}\else\'{e}\fi}ter R. and K{\ifmmode\acute{a}\else\'{a}\fi}llay, Mih{\ifmmode\acute{a}\else\'{a}\fi}ly},
  title     = {{Reduced-cost second-order algebraic-diagrammatic construction method for excitation energies and transition moments}},
  journal   = {J. Chem. Phys.},
  year      = {2018},
  volume    = {148},
  number    = {9},
  pages     = {094111},
  month     = {Mar},
  issn      = {0021-9606},
  doi       = {10.1063/1.5021832},
  groups    = {CHAPTER_5},
  publisher = {American Institute of Physics},
}

@Article{Mes2019,
  author    = {Mester, D{\ifmmode\acute{a}\else\'{a}\fi}vid and Nagy, P{\ifmmode\acute{e}\else\'{e}\fi}ter R. and K{\ifmmode\acute{a}\else\'{a}\fi}llay, Mih{\ifmmode\acute{a}\else\'{a}\fi}ly},
  title     = {{Reduced-Scaling Correlation Methods for the Excited States of Large Molecules: Implementation and Benchmarks for the Second-Order Algebraic-Diagrammatic Construction Approach}},
  journal   = {J. Chem. Theory Comput.},
  year      = {2019},
  volume    = {15},
  number    = {11},
  pages     = {6111--6126},
  month     = {Nov},
  issn      = {1549-9618},
  doi       = {10.1021/acs.jctc.9b00735},
  groups    = {CHAPTER_5},
  publisher = {American Chemical Society},
}

@Article{Dut2016,
  author    = {Dutta, Achintya Kumar and Neese, Frank and Izs{\ifmmode\acute{a}\else\'{a}\fi}k, R{\ifmmode\acute{o}\else\'{o}\fi}bert},
  title     = {{Towards a pair natural orbital coupled cluster method for excited states}},
  journal   = {J. Chem. Phys.},
  year      = {2016},
  volume    = {145},
  number    = {3},
  pages     = {034102},
  month     = {Jul},
  issn      = {0021-9606},
  doi       = {10.1063/1.4958734},
  groups    = {CHAPTER_5},
  publisher = {American Institute of Physics},
}

@Article{Hel2011,
  author    = {Helmich, Benjamin and H{\ifmmode\ddot{a}\else\"{a}\fi}ttig, Christof},
  title     = {{Local pair natural orbitals for excited states}},
  journal   = {J. Chem. Phys.},
  year      = {2011},
  volume    = {135},
  number    = {21},
  pages     = {214106},
  month     = {Dec},
  issn      = {0021-9606},
  doi       = {10.1063/1.3664902},
  groups    = {CHAPTER_5},
  publisher = {American Institute of Physics},
}

@Article{Hel2013,
  author    = {Helmich, Benjamin and H{\ifmmode\ddot{a}\else\"{a}\fi}ttig, Christof},
  title     = {{A pair natural orbital implementation of the coupled cluster model CC2 for excitation energies}},
  journal   = {J. Chem. Phys.},
  year      = {2013},
  volume    = {139},
  number    = {8},
  pages     = {084114},
  month     = {Aug},
  issn      = {0021-9606},
  doi       = {10.1063/1.4819071},
  groups    = {CHAPTER_5},
  publisher = {American Institute of Physics},
}

@Article{Hel2014,
  author    = {Helmich, Benjamin and H{\ifmmode\ddot{a}\else\"{a}\fi}ttig, Christof},
  title     = {{A pair natural orbital based implementation of ADC(2)-x: Perspectives and challenges for response methods for singly and doubly excited states in large molecules}},
  journal   = {Comput. Theor. Chem.},
  year      = {2014},
  volume    = {1040-1041},
  pages     = {35--44},
  month     = {Jul},
  issn      = {2210-271X},
  doi       = {10.1016/j.comptc.2014.03.004},
  groups    = {CHAPTER_5},
  publisher = {Elsevier},
}

@Article{Fra2018,
  author    = {Frank, Marius S. and H{\ifmmode\ddot{a}\else\"{a}\fi}ttig, Christof},
  title     = {{A pair natural orbital based implementation of CCSD excitation energies within the framework of linear response theory}},
  journal   = {J. Chem. Phys.},
  year      = {2018},
  volume    = {148},
  number    = {13},
  pages     = {134102},
  month     = {Apr},
  issn      = {0021-9606},
  doi       = {10.1063/1.5018514},
  groups    = {CHAPTER_5},
  publisher = {American Institute of Physics},
}

@Article{McA2016,
  author    = {McAlexander, Harley R. and Crawford, T. Daniel},
  title     = {{A Comparison of Three Approaches to the Reduced-Scaling Coupled Cluster Treatment of Non-Resonant Molecular Response Properties}},
  journal   = {J. Chem. Theory Comput.},
  year      = {2016},
  volume    = {12},
  number    = {1},
  pages     = {209--222},
  month     = {Jan},
  issn      = {1549-9618},
  doi       = {10.1021/acs.jctc.5b00898},
  groups    = {CHAPTER_5},
  publisher = {American Chemical Society},
}

@Article{Cra2019,
  author    = {Crawford, T. Daniel and Kumar, Ashutosh and Bazant{\ifmmode\acute{e}\else\'{e}\fi}, Alexandre P. and Di Remigio, Roberto},
  title     = {{Reduced-scaling coupled cluster response theory: Challenges and opportunities}},
  journal   = {WIREs Comput. Mol. Sci.},
  year      = {2019},
  volume    = {9},
  number    = {4},
  pages     = {e1406},
  month     = {Jul},
  issn      = {1759-0876},
  doi       = {10.1002/wcms.1406},
  groups    = {CHAPTER_5},
  publisher = {John Wiley {\&} Sons, Ltd},
}

@Article{Bau2016,
  author    = {Baudin, Pablo and Kristensen, Kasper},
  title     = {{LoFEx {\ifmmode---\else\textemdash\fi} A local framework for calculating excitation energies: Illustrations using RI-CC2 linear response theory}},
  journal   = {J. Chem. Phys.},
  year      = {2016},
  volume    = {144},
  number    = {22},
  pages     = {224106},
  month     = {Jun},
  issn      = {0021-9606},
  doi       = {10.1063/1.4953360},
  groups    = {CHAPTER_5},
  publisher = {American Institute of Physics},
}

@PhdThesis{Wor2009,
  author = {Wormit, Michael},
  title  = {Development and Application of Reliable Methods for the Calculation of Excited States: From Light-Harvesting Complexes to Medium-Sized Molecules},
  school = {Johann Wolfgang Goethe–Universitaet Frankfurt},
  year   = {2009},
  groups = {CHAPTER_5, CHAPTER_6},
}

@Article{Epi2013,
  author    = {Epifanovsky, Evgeny and Wormit, Michael and Ku{\ifmmode\acute{s}\else\'{s}\fi}, Tomasz and Landau, Arie and Zuev, Dmitry and Khistyaev, Kirill and Manohar, Prashant and Kaliman, Ilya and Dreuw, Andreas and Krylov, Anna I.},
  title     = {{New implementation of high-level correlated methods using a general block tensor library for high-performance electronic structure calculations}},
  journal   = {J. Comput. Chem.},
  year      = {2013},
  volume    = {34},
  number    = {26},
  pages     = {2293--2309},
  month     = {Oct},
  issn      = {0192-8651},
  doi       = {10.1002/jcc.23377},
  groups    = {CHAPTER_6},
  publisher = {John Wiley {\&} Sons, Ltd},
}

@Article{Sha2006,
  author    = {Shao, Yihan and Molnar, Laszlo Fusti and Jung, Yousung and Kussmann, J{\ifmmode\ddot{o}\else\"{o}\fi}rg and Ochsenfeld, Christian and Brown, Shawn T. and Gilbert, Andrew T. B. and Slipchenko, Lyudmila V. and Levchenko, Sergey V. and O{'}Neill, Darragh P. and DiStasio Robert, Jr., A. and Lochan, Rohini C. and Wang, Tao and Beran, Gregory J. O. and Besley, Nicholas A. and Herbert, John M. and Yeh Lin, Ching and Van Voorhis, Troy and Hung Chien, Siu and Sodt, Alex and Steele, Ryan P. and Rassolov, Vitaly A. and Maslen, Paul E. and Korambath, Prakashan P. and Adamson, Ross D. and Austin, Brian and Baker, Jon and Byrd, Edward F. C. and Dachsel, Holger and Doerksen, Robert J. and Dreuw, Andreas and Dunietz, Barry D. and Dutoi, Anthony D. and Furlani, Thomas R. and Gwaltney, Steven R. and Heyden, Andreas and Hirata, So and Hsu, Chao-Ping and Kedziora, Gary and Khalliulin, Rustam Z. and Klunzinger, Phil and Lee, Aaron M. and Lee, Michael S. and Liang, WanZhen and Lotan, Itay and Nair, Nikhil and Peters, Baron and Proynov, Emil I. and Pieniazek, Piotr A. and Min Rhee, Young and Ritchie, Jim and Rosta, Edina and David Sherrill, C. and Simmonett, Andrew C. and Subotnik, Joseph E. and Lee Woodcock Iii, H. and Zhang, Weimin and Bell, Alexis T. and Chakraborty, Arup K. and Chipman, Daniel M. and Keil, Frerich J. and Warshel, Arieh and Hehre, Warren J. and Schaefer Iii, Henry F. and Kong, Jing and Krylov, Anna I. and Gill, Peter M. W. and Head-Gordon, Martin},
  title     = {{Advances in methods and algorithms in a modern quantum chemistry program package}},
  journal   = {Phys. Chem. Chem. Phys.},
  year      = {2006},
  volume    = {8},
  number    = {27},
  pages     = {3172--3191},
  month     = {Jul},
  issn      = {1463-9076},
  doi       = {10.1039/B517914A},
  groups    = {CHAPTER_6},
  publisher = {The Royal Society of Chemistry},
}

@Misc{Och2021,
  title  = {{Theoretical Chemistry Group - Faculty for Chemistry and Pharmacy - Download}},
  month  = {Aug},
  year   = {2021},
  note   = {[Online; accessed 28. Aug. 2021]},
  groups = {CHAPTER_7},
  url    = {https://www.cup.lmu.de/pc/ochsenfeld/download/#LinAlk},
}

@Article{Kat2007,
  author    = {Kats, Danylo and Korona, Tatiana and Sch{\ifmmode\ddot{u}\else\"{u}\fi}tz, Martin},
  title     = {{Transition strengths and first-order properties of excited states from local coupled cluster CC2 response theory with density fitting}},
  journal   = {J. Chem. Phys.},
  year      = {2007},
  volume    = {127},
  number    = {6},
  pages     = {064107},
  month     = {Aug},
  issn      = {0021-9606},
  doi       = {10.1063/1.2755778},
  groups    = {CHAPTER_7},
  publisher = {American Institute of Physics},
}

@Misc{BLAS2021,
  title  = {{BLAS (Basic Linear Algebra Subprograms)}},
  month  = {Jun},
  year   = {2021},
  note   = {[Online; accessed 28. Aug. 2021]},
  groups = {CHAPTER_9},
  url    = {http://www.netlib.org/blas},
}

@Misc{LAP2021,
  title  = {{LAPACK{\hspace{0.167em}}{\ifmmode---\else\textemdash\fi}{\hspace{0.167em}}Linear Algebra PACKage}},
  month  = {Aug},
  year   = {2021},
  note   = {[Online; accessed 28. Aug. 2021]},
  groups = {CHAPTER_9},
  url    = {https://www.netlib.org/lapack},
}

@Misc{Gue2010,
  author       = {Ga\"{e}l Guennebaud and Beno\^{i}t Jacob and others},
  title        = {Eigen v3},
  howpublished = {http://eigen.tuxfamily.org},
  year         = {2010},
  groups       = {CHAPTER_9},
}

@Misc{PBLAS2021,
  title  = {{PBLAS}},
  month  = {Mar},
  year   = {1995},
  note   = {[Online; accessed 28. Aug. 2021]},
  groups = {CHAPTER_9},
  url    = {http://www.netlib.org/utk/papers/scalapack/node9.html},
}

@Article{Can1969,
  author    = {Cannon, Lynn Elliot},
  title     = {{A cellular computer to implement the Kalman filter algorithm}},
  journal   = {Montana State University - Bozeman, College of Engineering},
  year      = {1969},
  pages     = {1--229},
  groups    = {CHAPTER_9},
  publisher = {Montana State University - Bozeman, College of Engineering},
  url       = {https://scholarworks.montana.edu/xmlui/handle/1/4168},
}

@Misc{Sca2021,
  title  = {{ScaLAPACK{\hspace{0.167em}}{\ifmmode---\else\textemdash\fi}{\hspace{0.167em}}Scalable Linear Algebra PACKage}},
  month  = {Apr},
  year   = {2021},
  note   = {[Online; accessed 28. Aug. 2021]},
  groups = {CHAPTER_9},
  url    = {http://www.netlib.org/scalapack},
}

@Misc{DBCSR2020,
  author    = {The CP2K Developers Group},
  title     = {{DBCSR: Distributed Block Compressed Sparse Row matrix library}},
  year      = {2020},
  groups    = {CHAPTER_9},
  journal   = {GitHub repository},
  publisher = {GitHub},
  url       = {https://github.com/cp2k/dbcsr},
}

@Article{Bor2014,
  author  = {Urban Borstnik and Joost VandeVondele and Valery Weber and Juerg Hutter},
  title   = {{Sparse Matrix Multiplication: The Distributed Block-Compressed Sparse Row Library}},
  journal = {Parallel Computing},
  year    = {2014},
  volume  = {40},
  number  = {5-6},
  issn    = {0167-8191},
  groups  = {CHAPTER_9},
}

@Article{Hut2014,
  author    = {Hutter, J{\ifmmode\ddot{u}\else\"{u}\fi}rg and Iannuzzi, Marcella and Schiffmann, Florian and VandeVondele, Joost},
  title     = {{cp2k: atomistic simulations of condensed matter systems}},
  journal   = {WIREs Comput. Mol. Sci.},
  year      = {2014},
  volume    = {4},
  number    = {1},
  pages     = {15--25},
  month     = {Jan},
  issn      = {1759-0876},
  doi       = {10.1002/wcms.1159},
  groups    = {CHAPTER_9},
  publisher = {John Wiley {\&} Sons, Ltd},
}

@Article{Siv2019,
  author  = {Sivkov, Ilia and Lazzaro, Alfio and Hutter, Juerg},
  title   = {{DBCSR: A Library for Dense Matrix Multiplications on Distributed GPU-Accelerated Systems}},
  journal = {arXiv},
  year    = {2019},
  month   = {Oct},
  eprint  = {1910.04796},
  groups  = {CHAPTER_9},
  url     = {https://arxiv.org/abs/1910.04796v1},
}

@InCollection{Sch2016,
  author    = {Sch{\ifmmode\ddot{u}\else\"{u}\fi}tt, Ole and Messmer, Peter and Hutter, J{\ifmmode\ddot{u}\else\"{u}\fi}rg and VandeVondele, Joost},
  title     = {{GPU-Accelerated Sparse Matrix{\textendash}Matrix Multiplication for Linear Scaling Density Functional Theory}},
  booktitle = {{Electronic Structure Calculations on Graphics Processing Units}},
  publisher = {John Wiley {\&} Sons, Ltd},
  year      = {2016},
  pages     = {173--190},
  address   = {Chichester, England, UK},
  month     = {Mar},
  isbn      = {978-1-11867071-2},
  doi       = {10.1002/9781118670712.ch8},
  groups    = {CHAPTER_9},
  journal   = {Wiley Online Library},
}

@InProceedings{Amb2020,
  author    = {Ambroise, Maximilien},
  title     = {Designing a Modern C++/Fortran Interface by Example},
  year      = {2020},
  publisher = {Presented at FortranCon 2020, University of Zurich, Switzerland},
  groups    = {CHAPTER_9},
  url       = {https://tcevents.chem.uzh.ch/event/12/contributions/47/},
}

@Article{Pul1980,
  author    = {Pulay, P{\ifmmode\acute{e}\else\'{e}\fi}ter},
  title     = {{Convergence acceleration of iterative sequences. the case of scf iteration}},
  journal   = {Chem. Phys. Lett.},
  year      = {1980},
  volume    = {73},
  number    = {2},
  pages     = {393--398},
  month     = {Jul},
  issn      = {0009-2614},
  doi       = {10.1016/0009-2614(80)80396-4},
  groups    = {CHAPTER_ALGO},
  publisher = {North-Holland},
}

@Article{But1976,
  author    = {Butscher, W. and Kammer, W. E.},
  title     = {{Modification of Davidson's method for the calculation of eigenvalues and eigenvectors of large real-symmetric matrices: {\textquotedblleft}root homing procedure{\textquotedblright}}},
  journal   = {J. Comput. Phys.},
  year      = {1976},
  volume    = {20},
  number    = {3},
  pages     = {313--325},
  month     = {Mar},
  issn      = {0021-9991},
  doi       = {10.1016/0021-9991(76)90084-X},
  groups    = {CHAPTER_ALGO},
  publisher = {Academic Press},
}

@Article{Ols1990,
  author    = {Olsen, Jeppe and J{\o}rgensen, Poul and Simons, Jack},
  title     = {{Passing the one-billion limit in full configuration-interaction (FCI) calculations}},
  journal   = {Chem. Phys. Lett.},
  year      = {1990},
  volume    = {169},
  number    = {6},
  pages     = {463--472},
  month     = {Jun},
  issn      = {0009-2614},
  doi       = {10.1016/0009-2614(90)85633-N},
  groups    = {CHAPTER_ALGO},
  publisher = {North-Holland},
}

@Article{Mor1990,
  author    = {Morgan, Ronald B.},
  title     = {{Davidson's method and preconditioning for generalized eigenvalue problems}},
  journal   = {J. Comput. Phys.},
  year      = {1990},
  volume    = {89},
  number    = {1},
  pages     = {241--245},
  month     = {Jul},
  issn      = {0021-9991},
  doi       = {10.1016/0021-9991(90)90124-J},
  groups    = {CHAPTER_ALGO},
  publisher = {Academic Press},
}

@Article{Cor2012,
  author    = {Coriani, Sonia and Fransson, Thomas and Christiansen, Ove and Norman, Patrick},
  title     = {{Asymmetric-Lanczos-Chain-Driven Implementation of Electronic Resonance Convergent Coupled-Cluster Linear Response Theory}},
  journal   = {J. Chem. Theory Comput.},
  year      = {2012},
  volume    = {8},
  number    = {5},
  pages     = {1616--1628},
  month     = {May},
  issn      = {1549-9618},
  doi       = {10.1021/ct200919e},
  groups    = {CHAPTER_ALGO},
  publisher = {American Chemical Society},
}

@Article{Par2016,
  author    = {Parrish, Robert M. and Hohenstein, Edward G. and Mart{\ifmmode\acute{\imath}\else\'{\i}\fi}nez, Todd J.},
  title     = {{{\textquotedblleft}Balancing{\textquotedblright} the Block Davidson{\textendash}Liu Algorithm}},
  journal   = {J. Chem. Theory Comput.},
  year      = {2016},
  volume    = {12},
  number    = {7},
  pages     = {3003--3007},
  month     = {Jul},
  issn      = {1549-9618},
  doi       = {10.1021/acs.jctc.6b00459},
  groups    = {CHAPTER_ALGO},
  publisher = {American Chemical Society},
}

@Article{Dav1975,
  author    = {Davidson, Ernest R.},
  title     = {{The iterative calculation of a few of the lowest eigenvalues and corresponding eigenvectors of large real-symmetric matrices}},
  journal   = {J. Comput. Phys.},
  year      = {1975},
  volume    = {17},
  number    = {1},
  pages     = {87--94},
  month     = {Jan},
  issn      = {0021-9991},
  doi       = {10.1016/0021-9991(75)90065-0},
  groups    = {CHAPTER_ALGO},
  publisher = {Academic Press},
}

@Book{Liu1978,
  title     = {{Report on the Workshop Numerical Algorithms in Chemistry: Algebraic Methods: August 9-11, 1978}},
  publisher = {Lawrence Berkeley Laboratory, University of California},
  year      = {1978},
  author    = {Moler, C. B. and Shavitt, I. and In Chemistry, Lawrence Berkeley {\relax Laboratory}. National Resource for Computation},
  address   = {Berkeley, CA, USA},
  groups    = {CHAPTER_ALGO},
  url       = {https://books.google.de/books/about/Numerical_Algorithms_in_Chemistry_Algebr.html?id=Pvo6AQAAMAAJ&redir_esc=y},
}

@InCollection{Xia2017,
  author    = {Xiao, Jianwei and Gu, Ming and Langou, Julien},
  title     = {{Fast Parallel Randomized QR with Column Pivoting Algorithms for Reliable Low-Rank Matrix Approximations}},
  booktitle = {{2017 IEEE 24th International Conference on High Performance Computing (HiPC)}},
  publisher = {IEEE},
  year      = {2017},
  pages     = {233--242},
  month     = {Dec},
  doi       = {10.1109/HiPC.2017.00035},
  groups    = {CHAPTER_ALGO},
  journal   = {2017 IEEE 24th International Conference on High Performance Computing (HiPC)},
}

@InCollection{Xia2016,
  author    = {Xiao, Jianwei and Gu, Ming},
  title     = {{Spectrum-Revealing Cholesky Factorization for Kernel Methods}},
  booktitle = {{2016 IEEE 16th International Conference on Data Mining (ICDM)}},
  publisher = {IEEE},
  year      = {2016},
  pages     = {1293--1298},
  month     = {Dec},
  doi       = {10.1109/ICDM.2016.0175},
  issn      = {2374-8486},
  journal   = {2016 IEEE 16th International Conference on Data Mining (ICDM)},
}

@Article{Hel2016,
  author    = {Helmich-Paris, Benjamin and Visscher, Lucas},
  title     = {{Improvements on the minimax algorithm for the Laplace transformation of orbital energy denominators}},
  journal   = {J. Comput. Phys.},
  year      = {2016},
  volume    = {321},
  pages     = {927--931},
  month     = {Sep},
  issn      = {0021-9991},
  doi       = {10.1016/j.jcp.2016.06.011},
  groups    = {CHAPTER_ALGO},
  publisher = {Academic Press},
}

@Article{Tak2008,
  author    = {Takatsuka, Akio and Ten-no, Seiichiro and Hackbusch, Wolfgang},
  title     = {{Minimax approximation for the decomposition of energy denominators in Laplace-transformed M{\o}ller{\textendash}Plesset perturbation theories}},
  journal   = {J. Chem. Phys.},
  year      = {2008},
  volume    = {129},
  number    = {4},
  pages     = {044112},
  month     = {Jul},
  issn      = {0021-9606},
  doi       = {10.1063/1.2958921},
  groups    = {CHAPTER_ALGO},
  publisher = {American Institute of Physics},
}

@InCollection{Cut1969,
  author    = {Cuthill, E. and McKee, J.},
  title     = {{Reducing the bandwidth of sparse symmetric matrices}},
  booktitle = {{ACM '69: Proceedings of the 1969 24th national conference}},
  publisher = {Association for Computing Machinery},
  year      = {1969},
  pages     = {157--172},
  address   = {New York, NY, USA},
  month     = {Aug},
  isbn      = {978-1-45037493-4},
  doi       = {10.1145/800195.805928},
  groups    = {CHAPTER_ALGO},
}

@Article{Bra1980,
  author    = {Brandi, H. S. and De Matos, M. M. and Ferreira, R.},
  title     = {{Fractional occupation in the hartree-fock method}},
  journal   = {Chem. Phys. Lett.},
  year      = {1980},
  volume    = {73},
  number    = {3},
  pages     = {597--601},
  month     = {Aug},
  issn      = {0009-2614},
  doi       = {10.1016/0009-2614(80)80726-3},
  groups    = {APPENDIX},
  publisher = {North-Holland},
}

@Article{Tur2012,
  author    = {Turney, Justin M. and Simmonett, Andrew C. and Parrish, Robert M. and Hohenstein, Edward G. and Evangelista, Francesco A. and Fermann, Justin T. and Mintz, Benjamin J. and Burns, Lori A. and Wilke, Jeremiah J. and Abrams, Micah L. and Russ, Nicholas J. and Leininger, Matthew L. and Janssen, Curtis L. and Seidl, Edward T. and Allen, Wesley D. and Schaefer, Henry F. and King, Rollin A. and Valeev, Edward F. and Sherrill, C. David and Crawford, T. Daniel},
  title     = {{Psi4: an open-source ab initio electronic structure program}},
  journal   = {WIREs Comput. Mol. Sci.},
  year      = {2012},
  volume    = {2},
  number    = {4},
  pages     = {556--565},
  month     = {Jul},
  issn      = {1759-0876},
  doi       = {10.1002/wcms.93},
  groups    = {APPENDIX},
  publisher = {John Wiley {\&} Sons, Ltd},
}

@Article{Leh2019,
  author    = {Lehtola, Susi},
  title     = {{Assessment of Initial Guesses for Self-Consistent Field Calculations. Superposition of Atomic Potentials: Simple yet Efficient}},
  journal   = {J. Chem. Theory Comput.},
  year      = {2019},
  volume    = {15},
  number    = {3},
  pages     = {1593--1604},
  month     = {Mar},
  issn      = {1549-9618},
  doi       = {10.1021/acs.jctc.8b01089},
  groups    = {APPENDIX},
  publisher = {American Chemical Society},
}

@Article{Van2006,
  author    = {Van Lenthe, J. H. and Zwaans, R. and Van Dam, H. J. J. and Guest, M. F.},
  title     = {{Starting SCF calculations by superposition of atomic densities}},
  journal   = {J. Comput. Chem.},
  year      = {2006},
  volume    = {27},
  number    = {8},
  pages     = {926--932},
  month     = {Jun},
  issn      = {0192-8651},
  doi       = {10.1002/jcc.20393},
  groups    = {APPENDIX},
  publisher = {John Wiley {\&} Sons, Ltd},
}

@Article{Leh2019a,
  author    = {Lehtola, Susi},
  title     = {{Curing basis set overcompleteness with pivoted Cholesky decompositions}},
  journal   = {J. Chem. Phys.},
  year      = {2019},
  volume    = {151},
  number    = {24},
  pages     = {241102},
  month     = {Dec},
  issn      = {0021-9606},
  doi       = {10.1063/1.5139948},
  groups    = {APPENDIX},
  publisher = {American Institute of Physics},
}

@Article{Low1956a,
  author    = {L{\ifmmode\ddot{o}\else\"{o}\fi}wdin, Per-Olov},
  title     = {{Quantum theory of cohesive properties of solids}},
  journal   = {Adv. Phys.},
  year      = {1956},
  volume    = {5},
  number    = {17},
  pages     = {1--171},
  month     = {Jan},
  issn      = {0001-8732},
  doi       = {10.1080/00018735600101155},
  groups    = {APPENDIX},
  publisher = {Taylor {\&} Francis},
}

@InCollection{Low1970,
  author    = {L{\ifmmode\ddot{o}\else\"{o}\fi}wdin, Per-Olov},
  title     = {{On the Nonorthogonality Problem}},
  booktitle = {{Advances in Quantum Chemistry}},
  publisher = {Academic Press},
  year      = {1970},
  volume    = {5},
  pages     = {185--199},
  address   = {Cambridge, MA, USA},
  month     = {Jan},
  doi       = {10.1016/S0065-3276(08)60339-1},
  groups    = {APPENDIX},
  issn      = {0065-3276},
}

@Article{Sun2015,
  author  = {Sun, Qiming},
  title   = {Libcint: An efficient general integral library for Gaussian basis functions},
  journal = {Journal of Computational Chemistry},
  year    = {2015},
  volume  = {36},
  pages   = {1664-1671},
  doi     = {10.1002/jcc.23981},
  groups  = {CHAPTER_ALGO},
  url     = {http://dx.doi.org/10.1002/jcc.23981},
}

@Misc{OMP2021,
  title   = {{Specifications - OpenMP}},
  month   = {Aug},
  year    = {2021},
  note    = {[Online; accessed 6. Sep. 2021]},
  groups  = {CHAPTER_8},
  journal = {OpenMP},
  url     = {https://www.openmp.org/specifications},
}

@Misc{MPI2021,
  title  = {{MPI Documents}},
  month  = {Sep},
  year   = {2021},
  note   = {[Online; accessed 6. Sep. 2021]},
  groups = {CHAPTER_8},
  url    = {https://www.mpi-forum.org/docs},
}

@Article{Aid2014,
  author    = {Aidas, Kestutis and Angeli, Celestino and Bak, Keld L. and Bakken, Vebj{\o}rn and Bast, Radovan and Boman, Linus and Christiansen, Ove and Cimiraglia, Renzo and Coriani, Sonia and Dahle, P{\aa}l and Dalskov, Erik K. and Ekstr{\ifmmode\ddot{o}\else\"{o}\fi}m, Ulf and Enevoldsen, Thomas and Eriksen, Janus J. and Ettenhuber, Patrick and Fern{\ifmmode\acute{a}\else\'{a}\fi}ndez, Berta and Ferrighi, Lara and Fliegl, Heike and Frediani, Luca and Hald, Kasper and Halkier, Asger and H{\ifmmode\ddot{a}\else\"{a}\fi}ttig, Christof and Heiberg, Hanne and Helgaker, Trygve and Hennum, Alf Christian and Hettema, Hinne and Hjerten{\ae}s, Eirik and H{\o}st, Stinne and H{\o}yvik, Ida-Marie and Iozzi, Maria Francesca and Jans{\ifmmode\acute{\imath}\else\'{\i}\fi}k, Branislav and Jensen, Hans J{\o}rgen {\relax Aa}. and Jonsson, Dan and J{\o}rgensen, Poul and Kauczor, Joanna and Kirpekar, Sheela and Kj{\ae}rgaard, Thomas and Klopper, Wim and Knecht, Stefan and Kobayashi, Rika and Koch, Henrik and Kongsted, Jacob and Krapp, Andreas and Kristensen, Kasper and Ligabue, Andrea and Lutn{\ae}s, Ola B. and Melo, Juan I. and Mikkelsen, Kurt V. and Myhre, Rolf H. and Neiss, Christian and Nielsen, Christian B. and Norman, Patrick and Olsen, Jeppe and Olsen, J{\ifmmode\acute{o}\else\'{o}\fi}gvan Magnus H. and Osted, Anders and Packer, Martin J. and Pawlowski, Filip and Pedersen, Thomas B. and Provasi, Patricio F. and Reine, Simen and Rinkevicius, Zilvinas and Ruden, Torgeir A. and Ruud, Kenneth and Rybkin, Vladimir V. and Sa{\l}ek, Pawel and Samson, Claire C. M. and de Mer{\ifmmode\acute{a}\else\'{a}\fi}s, Alfredo S{\ifmmode\acute{a}\else\'{a}\fi}nchez and Saue, Trond and Sauer, Stephan P. A. and Schimmelpfennig, Bernd and Sneskov, Kristian and Steindal, Arnfinn H. and Sylvester-Hvid, Kristian O. and Taylor, Peter R. and Teale, Andrew M. and Tellgren, Erik I. and Tew, David P. and Thorvaldsen, Andreas J. and Th{\o}gersen, Lea and Vahtras, Olav and Watson, Mark A. and Wilson, David J. D. and Ziolkowski, Marcin and {\AA}gren, Hans},
  title     = {{The Dalton quantum chemistry program system}},
  journal   = {WIREs Comput. Mol. Sci.},
  year      = {2014},
  volume    = {4},
  number    = {3},
  pages     = {269--284},
  month     = {May},
  issn      = {1759-0876},
  doi       = {10.1002/wcms.1172},
  groups    = {CHAPTER_ALGO},
  publisher = {John Wiley {\&} Sons, Ltd},
}

@InCollection{Gor2005,
  author    = {Gordon, Mark S. and Schmidt, Michael W.},
  title     = {{Advances in electronic structure theory: GAMESS a decade later}},
  booktitle = {{Theory and Applications of Computational Chemistry}},
  publisher = {Elsevier},
  year      = {2005},
  pages     = {1167--1189},
  address   = {Walthm, MA, USA},
  month     = {Jan},
  isbn      = {978-0-444-51719-7},
  doi       = {10.1016/B978-044451719-7/50084-6},
  groups    = {CHAPTER_ALGO},
}

@Article{Val2010,
  author    = {Valiev, M. and Bylaska, E. J. and Govind, N. and Kowalski, K. and Straatsma, T. P. and Van Dam, H. J. J. and Wang, D. and Nieplocha, J. and Apra, E. and Windus, T. L. and de Jong, W. A.},
  title     = {{NWChem: A comprehensive and scalable open-source solution for large scale molecular simulations}},
  journal   = {Comput. Phys. Commun.},
  year      = {2010},
  volume    = {181},
  number    = {9},
  pages     = {1477--1489},
  month     = {Sep},
  issn      = {0010-4655},
  doi       = {10.1016/j.cpc.2010.04.018},
  groups    = {CHAPTER_ALGO},
  publisher = {North-Holland},
}

@Article{Sun2018,
  author    = {Sun, Qiming and Berkelbach, Timothy C. and Blunt, Nick S. and Booth, George H. and Guo, Sheng and Li, Zhendong and Liu, Junzi and McClain, James D. and Sayfutyarova, Elvira R. and Sharma, Sandeep and Wouters, Sebastian and Chan, Garnet Kin-Lic},
  title     = {{PySCF: the Python-based simulations of chemistry framework}},
  journal   = {WIREs Comput. Mol. Sci.},
  year      = {2018},
  volume    = {8},
  number    = {1},
  pages     = {e1340},
  month     = {Jan},
  issn      = {1759-0876},
  doi       = {10.1002/wcms.1340},
  groups    = {CHAPTER_ALGO},
  publisher = {John Wiley {\&} Sons, Ltd},
}

@Article{Rin2020,
  author    = {Rinkevicius, Zilvinas and Li, Xin and Vahtras, Olav and Ahmadzadeh, Karan and Brand, Manuel and Ringholm, Magnus and List, Nanna Holmgaard and Scheurer, Maximilian and Scott, Mikael and Dreuw, Andreas and Norman, Patrick},
  title     = {{VeloxChem: A Python-driven density-functional theory program for spectroscopy simulations in high-performance computing environments}},
  journal   = {WIREs Comput. Mol. Sci.},
  year      = {2020},
  volume    = {10},
  number    = {5},
  pages     = {e1457},
  month     = {Sep},
  issn      = {1759-0876},
  doi       = {10.1002/wcms.1457},
  groups    = {CHAPTER_ALGO},
  publisher = {John Wiley {\&} Sons, Ltd},
}

@Article{Shi2018,
  author    = {Shiozaki, Toru},
  title     = {{BAGEL: Brilliantly Advanced General Electronic-structure Library}},
  journal   = {WIREs Comput. Mol. Sci.},
  year      = {2018},
  volume    = {8},
  number    = {1},
  pages     = {e1331},
  month     = {Jan},
  issn      = {1759-0876},
  doi       = {10.1002/wcms.1331},
  groups    = {CHAPTER_ALGO},
  publisher = {John Wiley {\&} Sons, Ltd},
}

@Article{Hoh2012,
  author    = {Hohenstein, Edward G. and Parrish, Robert M. and Mart{\ifmmode\acute{\imath}\else\'{\i}\fi}nez, Todd J.},
  title     = {{Tensor hypercontraction density fitting. I. Quartic scaling second- and third-order M{\o}ller-Plesset perturbation theory}},
  journal   = {J. Chem. Phys.},
  year      = {2012},
  volume    = {137},
  number    = {4},
  pages     = {044103},
  month     = {Jul},
  issn      = {0021-9606},
  doi       = {10.1063/1.4732310},
  groups    = {CHAPTER_3A},
  publisher = {American Institute of Physics},
}

@Article{Par2012,
  author    = {Parrish, Robert M. and Hohenstein, Edward G. and Mart{\ifmmode\acute{\imath}\else\'{\i}\fi}nez, Todd J. and Sherrill, C. David},
  title     = {{Tensor hypercontraction. II. Least-squares renormalization}},
  journal   = {J. Chem. Phys.},
  year      = {2012},
  volume    = {137},
  number    = {22},
  pages     = {224106},
  month     = {Dec},
  issn      = {0021-9606},
  doi       = {10.1063/1.4768233},
  groups    = {CHAPTER_3A},
  publisher = {American Institute of Physics},
}

@Article{Hoh2012a,
  author    = {Hohenstein, Edward G. and Parrish, Robert M. and Sherrill, C. David and Mart{\ifmmode\acute{\imath}\else\'{\i}\fi}nez, Todd J.},
  title     = {{Communication: Tensor hypercontraction. III. Least-squares tensor hypercontraction for the determination of correlated wavefunctions}},
  journal   = {J. Chem. Phys.},
  year      = {2012},
  volume    = {137},
  number    = {22},
  pages     = {221101},
  month     = {Dec},
  issn      = {0021-9606},
  doi       = {10.1063/1.4768241},
  groups    = {CHAPTER_3A},
  publisher = {American Institute of Physics},
}

@Article{Koc2003,
  author    = {Koch, Henrik and S{\ifmmode\acute{a}\else\'{a}\fi}nchez de Mer{\ifmmode\acute{a}\else\'{a}\fi}s, Alfredo and Pedersen, Thomas Bondo},
  title     = {{Reduced scaling in electronic structure calculations using Cholesky decompositions}},
  journal   = {J. Chem. Phys.},
  year      = {2003},
  volume    = {118},
  number    = {21},
  pages     = {9481--9484},
  month     = {Jun},
  issn      = {0021-9606},
  doi       = {10.1063/1.1578621},
  groups    = {CHAPTER_3A},
  publisher = {American Institute of Physics},
}

@Article{Roe2008,
  author    = {R{\o}eggen, I. and Johansen, Tor},
  title     = {{Cholesky decomposition of the two-electron integral matrix in electronic structure calculations}},
  journal   = {J. Chem. Phys.},
  year      = {2008},
  volume    = {128},
  number    = {19},
  pages     = {194107},
  month     = {May},
  issn      = {0021-9606},
  doi       = {10.1063/1.2925269},
  groups    = {CHAPTER_3A},
  publisher = {American Institute of Physics},
}

@Article{Kat2006,
  author    = {Kats, Danylo and Korona, Tatiana and Sch{\ifmmode\ddot{u}\else\"{u}\fi}tz, Martin},
  title     = {{Local CC2 electronic excitation energies for large molecules with density fitting}},
  journal   = {J. Chem. Phys.},
  year      = {2006},
  volume    = {125},
  number    = {10},
  pages     = {104106},
  month     = {Sep},
  issn      = {0021-9606},
  doi       = {10.1063/1.2339021},
  groups    = {CHAPTER_5},
  publisher = {American Institute of Physics},
}

@Article{Pen2018,
  author  = {Peng, Chong and Clement, Marjory C. and Valeev, Edward F.},
  title   = {{Exploration of Reduced Scaling Formulation of Equation of Motion Coupled-Cluster Singles and Doubles Based on State-Averaged Pair Natural Orbitals}},
  journal = {arXiv},
  year    = {2018},
  month   = {Feb},
  doi     = {10.1021/acs.jctc.8b00171},
  eprint  = {1802.06738},
  groups  = {CHAPTER_5},
}

@Article{DCu2021,
  author    = {D{'}Cunha, Ruhee and Crawford, T. Daniel},
  title     = {{PNO++: Perturbed Pair Natural Orbitals for Coupled Cluster Linear Response Theory}},
  journal   = {J. Chem. Theory Comput.},
  year      = {2021},
  volume    = {17},
  number    = {1},
  pages     = {290--301},
  month     = {Jan},
  issn      = {1549-9618},
  doi       = {10.1021/acs.jctc.0c01086},
  groups    = {CHAPTER_5},
  publisher = {American Chemical Society},
}

@Article{Sha2015,
  author    = {Shao, Yihan and Gan, Zhengting and Epifanovsky, Evgeny and Gilbert, Andrew T. B. and Wormit, Michael and Kussmann, Joerg and Lange, Adrian W. and Behn, Andrew and Deng, Jia and Feng, Xintian and Ghosh, Debashree and Goldey, Matthew and Horn, Paul R. and Jacobson, Leif D. and Kaliman, Ilya and Khaliullin, Rustam Z. and Ku{\ifmmode\acute{s}\else\'{s}\fi}, Tomasz and Landau, Arie and Liu, Jie and Proynov, Emil I. and Rhee, Young Min and Richard, Ryan M. and Rohrdanz, Mary A. and Steele, Ryan P. and Sundstrom, Eric J. and Woodcock, H. Lee and Zimmerman, Paul M. and Zuev, Dmitry and Albrecht, Ben and Alguire, Ethan and Austin, Brian and Beran, Gregory J. O. and Bernard, Yves A. and Berquist, Eric and Brandhorst, Kai and Bravaya, Ksenia B. and Brown, Shawn T. and Casanova, David and Chang, Chun-Min and Chen, Yunqing and Chien, Siu Hung and Closser, Kristina D. and Crittenden, Deborah L. and Diedenhofen, Michael and DiStasio, Robert A. and Do, Hainam and Dutoi, Anthony D. and Edgar, Richard G. and Fatehi, Shervin and Fusti-Molnar, Laszlo and Ghysels, An and Golubeva-Zadorozhnaya, Anna and Gomes, Joseph and Hanson-Heine, Magnus W. D. and Harbach, Philipp H. P. and Hauser, Andreas W. and Hohenstein, Edward G. and Holden, Zachary C. and Jagau, Thomas-C. and Ji, Hyunjun and Kaduk, Benjamin and Khistyaev, Kirill and Kim, Jaehoon and Kim, Jihan and King, Rollin A. and Klunzinger, Phil and Kosenkov, Dmytro and Kowalczyk, Tim and Krauter, Caroline M. and Lao, Ka Un and Laurent, Ad{\ifmmode\grave{e}\else\`{e}\fi}le D. and Lawler, Keith V. and Levchenko, Sergey V. and Lin, Ching Yeh and Liu, Fenglai and Livshits, Ester and Lochan, Rohini C. and Luenser, Arne and Manohar, Prashant and Manzer, Samuel F. and Mao, Shan-Ping and Mardirossian, Narbe and Marenich, Aleksandr V. and Maurer, Simon A. and Mayhall, Nicholas J. and Neuscamman, Eric and Oana, C. Melania and Olivares-Amaya, Roberto and O{'}Neill, Darragh P. and Parkhill, John A. and Perrine, Trilisa M. and Peverati, Roberto and Prociuk, Alexander and Rehn, Dirk R. and Rosta, Edina and Russ, Nicholas J. and Sharada, Shaama M. and Sharma, Sandeep and Small, David W. and Sodt, Alexander and Stein, Tamar and St{\ifmmode\ddot{u}\else\"{u}\fi}ck, David and Su, Yu-Chuan and Thom, Alex J. W. and Tsuchimochi, Takashi and Vanovschi, Vitalii and Vogt, Leslie and Vydrov, Oleg and Wang, Tao and Watson, Mark A. and Wenzel, Jan and White, Alec and Williams, Christopher F. and Yang, Jun and Yeganeh, Sina and Yost, Shane R. and You, Zhi-Qiang and Zhang, Igor Ying and Zhang, Xing and Zhao, Yan and Brooks, Bernard R. and Chan, Garnet K. L. and Chipman, Daniel M. and Cramer, Christopher J. and Goddard, William A. and Gordon, Mark S. and Hehre, Warren J. and Klamt, Andreas and Schaefer, Henry F. and Schmidt, Michael W. and Sherrill, C. David and Truhlar, Donald G. and Warshel, Arieh and Xu, Xin and Aspuru-Guzik, Al{\ifmmode\acute{a}\else\'{a}\fi}n and Baer, Roi and Bell, Alexis T. and Besley, Nicholas A. and Chai, Jeng-Da and Dreuw, Andreas and Dunietz, Barry D. and Furlani, Thomas R. and Gwaltney, Steven R. and Hsu, Chao-Ping and Jung, Yousung and Kong, Jing and Lambrecht, Daniel S. and Liang, WanZhen and Ochsenfeld, Christian and Rassolov, Vitaly A. and Slipchenko, Lyudmila V. and Subotnik, Joseph E. and Van Voorhis, Troy and Herbert, John M. and Krylov, Anna I. and Gill, Peter M. W. and Head-Gordon, Martin},
  title     = {{Advances in molecular quantum chemistry contained in the Q-Chem 4 program package}},
  journal   = {Mol. Phys.},
  year      = {2015},
  volume    = {113},
  number    = {2},
  pages     = {184--215},
  month     = {Jan},
  issn      = {0026-8976},
  doi       = {10.1080/00268976.2014.952696},
  groups    = {CHAPTER_ALGO},
  publisher = {Taylor {\&} Francis},
}

@Misc{Fri2016,
  author = {M. J. Frisch and G. W. Trucks and H. B. Schlegel and G. E. Scuseria and M. A. Robb and J. R. Cheeseman and G. Scalmani and V. Barone and G. A. Petersson and H. Nakatsuji and X. Li and M. Caricato and A. V. Marenich and J. Bloino and B. G. Janesko and R. Gomperts and B. Mennucci and H. P. Hratchian and J. V. Ortiz and A. F. Izmaylov and J. L. Sonnenberg and D. Williams-Young and F. Ding and F. Lipparini and F. Egidi and J. Goings and B. Peng and A. Petrone and T. Henderson and D. Ranasinghe and V. G. Zakrzewski and J. Gao and N. Rega and G. Zheng and W. Liang and M. Hada and M. Ehara and K. Toyota and R. Fukuda and J. Hasegawa and M. Ishida and T. Nakajima and Y. Honda and O. Kitao and H. Nakai and T. Vreven and K. Throssell and Montgomery, {Jr.}, J. A. and J. E. Peralta and F. Ogliaro and M. J. Bearpark and J. J. Heyd and E. N. Brothers and K. N. Kudin and V. N. Staroverov and T. A. Keith and R. Kobayashi and J. Normand and K. Raghavachari and A. P. Rendell and J. C. Burant and S. S. Iyengar and J. Tomasi and M. Cossi and J. M. Millam and M. Klene and C. Adamo and R. Cammi and J. W. Ochterski and R. L. Martin and K. Morokuma and O. Farkas and J. B. Foresman and D. J. Fox},
  title  = {Gaussian˜16 {R}evision {C}.01},
  year   = {2016},
  note   = {Gaussian Inc. Wallingford CT},
  groups = {CHAPTER_1},
}

@Article{Bee1977,
  author    = {Beebe, Nelson H. F. and Linderberg, Jan},
  title     = {{Simplifications in the generation and transformation of two-electron integrals in molecular calculations}},
  journal   = {Int. J. Quantum Chem.},
  year      = {1977},
  volume    = {12},
  number    = {4},
  pages     = {683--705},
  month     = {Oct},
  issn      = {0020-7608},
  doi       = {10.1002/qua.560120408},
  groups    = {Cholesky, CHAPTER_1},
  publisher = {John Wiley {\&} Sons, Ltd},
}

@Article{Roe1986,
  author    = {R{\o}eggen, I. and Wisl{\o}ff-Nilssen, E.},
  title     = {{On the Beebe-Linderberg two-electron integral approximation}},
  journal   = {Chem. Phys. Lett.},
  year      = {1986},
  volume    = {132},
  number    = {2},
  pages     = {154--160},
  month     = {Dec},
  issn      = {0009-2614},
  doi       = {10.1016/0009-2614(86)80099-9},
  groups    = {Cholesky},
  publisher = {North-Holland},
}

@Article{One1989,
  author    = {O'neal, Douglas W. and Simons, Jack},
  title     = {{Application of cholesky-like matrix decomposition methods to the evaluation of atomic orbital integrals and integral derivatives}},
  journal   = {Int. J. Quantum Chem.},
  year      = {1989},
  volume    = {36},
  number    = {6},
  pages     = {673--688},
  month     = {Dec},
  issn      = {0020-7608},
  doi       = {10.1002/qua.560360602},
  publisher = {John Wiley {\&} Sons, Ltd},
}

@Article{Bes2011,
  author    = {Besal{\ifmmode\acute{u}\else\'{u}\fi}, Emili and Carb{\ifmmode\acute{o}\else\'{o}\fi}-Dorca, Ramon},
  title     = {{The general Gaussian product theorem}},
  journal   = {J. Math. Chem.},
  year      = {2011},
  volume    = {49},
  number    = {8},
  pages     = {1769--1784},
  month     = {Sep},
  issn      = {1572-8897},
  note      = {Gaussian Product Rule},
  doi       = {10.1007/s10910-011-9857-9},
  groups    = {Other},
  publisher = {Springer Netherlands},
}

@Comment{jabref-meta: databaseType:bibtex;}

@Comment{jabref-meta: groupstree:
0 AllEntriesGroup:;
1 ExplicitGroup:CHAPTER_1\;0\;;
1 ExplicitGroup:CHAPTER_2\;0\;;
1 ExplicitGroup:CHAPTER_3A\;0\;;
1 ExplicitGroup:CHAPTER_3B\;0\;;
1 ExplicitGroup:CHAPTER_4A\;0\;;
1 ExplicitGroup:CHAPTER_4B\;0\;;
1 ExplicitGroup:CHAPTER_5\;0\;;
1 ExplicitGroup:CHAPTER_6\;0\;;
1 ExplicitGroup:CHAPTER_7\;0\;;
1 ExplicitGroup:CHAPTER_8\;0\;;
1 ExplicitGroup:CHAPTER_9\;0\;;
1 ExplicitGroup:CHAPTER_ALGO\;0\;;
1 ExplicitGroup:APPENDIX\;0\;;
}
